2401 3380
1061 238 1378 281 ...25-

212 367 509 437 productrice
543 365 872 416 excellentibus
905 366 1156 433 reperiam,
1191 365 1474 415 contendere
1517 366 1698 415 animus
1739 369 1856 418 mihi
1889 381 1977 430 est,
2013 391 2087 422 eas
2122 392 2215 423 non

211 446 311 496 esse
336 448 515 496 innatas
540 444 620 494 sed
646 456 749 512 post
783 456 969 513 partum
1003 456 1124 493 ortas
1151 464 1204 492 ex
1229 445 1376 493 causis
1402 444 1605 492 fortuitis
1631 447 1838 495 externis.

764 584 766 586 Ι
1127 520 1165 581 ἓ.
1226 526 1302 570 29.

342 601 633 667 Quicunque
669 612 778 648 nota
802 599 877 648 illa
902 598 1217 665 experimenta
1243 601 1304 647 de
1328 610 1514 648 artuum
1540 598 1845 648 dissectorum
1870 605 2218 667 regeneratione

206 680 254 726 in
281 679 552 727 Tritonibus
578 678 785 745 instituit,
817 676 1126 743 comprobare
1150 675 1310 732 valeat,
1335 696 1481 725 novos
1506 688 1631 725 artus
1655 677 1753 725 sere
1778 696 2018 742 nunquam
2046 684 2220 747 magni-

202 755 412 804 tudinem
439 768 484 804 et
514 755 824 822 integritatem
851 765 1038 802 artuum
1062 753 1364 802 rescissorum
1389 754 1587 820 attigisse
1609 754 1659 814 ¹),
1687 756 1898 820 quamvis
1922 756 2091 805 talibus
2116 760 2218 806 Tri-

203 833 389 882 tonibus
415 832 470 881 ad
484 833 694 882 membra
707 829 987 880 restituenda
999 830 1442 896 spatiumannorum
1465 830 1777 897 complurium
1800 843 1915 880 esset
1930 852 2213 884 concessum.

233 913 236 918 ’
341 912 388 961 Si
413 910 633 960 lacertam
660 910 945 959 nominatam
970 919 1062 956 tres
1086 906 1256 956 caudas
1281 907 1530 956 habentem
1556 908 1811 957 accuratius
1837 911 2089 967 examines,
2125 915 2218 978 pri-

206 1009 285 1036 mo
318 989 413 1053 jam
447 988 669 1054 adspectu
703 986 811 1034 novi
845 985 960 1032 rami
996 985 1200 1031 minores
1233 1002 1259 1030 a
1289 995 1456 1031 trunco
1490 984 1683 1049 pristino
1720 986 1884 1048 majori
1918 998 2024 1033 sunt
2060 987 2215 1037 distin-

202 1065 400 1132 guendi3
446 1065 494 1113 in
530 1063 802 1112 Tritonibus
842 1060 957 1128 ipsis
989 1079 1130 1121 supra
1164 1059 1295 1109 dictis
1330 1079 1491 1108 omnes
1526 1059 1778 1127 phalanges
1814 1062 2037 1126 parasitae
2073 1083 2213 1131 appa—

199 1153 303 1191 rent
337 1143 561 1197 minores',
604 1160 761 1207 neque
797 1138 1126 1206 phalangibus,
1161 1138 1333 1205 quibus
1365 1135 1587 1193 insident,
1622 1137 1918 1205 respondent.
1989 1139 2211 1188 Vitiosam

197 1221 615 1286 imperfectamque
659 1217 976 1266 conditionem
1018 1214 1172 1282 pedis,
1223 1234 1365 1282 quem
1411 1215 1478 1263 vis
1521 1215 1846 1281 reproductiva
1889 1236 1913 1263 e
1948 1235 2072 1282 genu
2106 1236 2213 1283 pro-

198 1296 309 1345 dere
334 1296 493 1352 voluit,
518 1313 658 1343 nemo
683 1306 767 1355 est,
787 1294 868 1361 qui
894 1304 1053 1360 neget3
1090 1291 1203 1359 quid
1230 1312 1342 1359 ergo
1378 1292 1562 1350 mirum,
1597 1293 1689 1344 vim
1726 1292 2099 1359 reproductivam
2134 1295 2211 1342 ab-

198 1375 332 1422 scissa
365 1373 585 1422 membra
606 1391 702 1421 non
735 1371 914 1436 integra
947 1370 1278 1428 restituentem,
1316 1370 1453 1420 etiam
1485 1389 1631 1421 novos
1663 1369 1765 1419 illos
1789 1381 1914 1420 artus
1939 1370 2211 1420 adventitios

200 1449 325 1500 haud
351 1451 583 1519 perfectos
609 1450 862 1498 formasse?

1118 1529 1158 1591 §-
1218 1535 1295 1577 30.

338 1605 439 1656 Alia
464 1626 574 1655 vero
602 1604 810 1672 exempla
836 1614 990 1654 extant
1007 1606 1401 1654 monstrificorum
1427 1603 1795 1671 amphibiorum,
1839 1623 1960 1670 quae
1984 1603 2214 1652 nihilomi-

200 1688 288 1732 nus
312 1696 487 1752 cogunt
511 1686 755 1733 admittere
781 1684 918 1732 etiam
942 1684 989 1732 in
1013 1683 1364 1750 amphibiorum
1389 1681 1553 1730 ordine
1578 1681 1894 1730 deformitates
1918 1683 2120 1739 innatas3
2146 1682 2210 1729 af-

199 1761 301 1808 fero
336 1760 450 1810 duas
476 1763 655 1829 efligies
680 1762 967 1829 serpentium
990 1761 1247 1826 bicipitum,
1272 1778 1475 1826 quorum
1501 1758 1639 1806 altera
1659 1759 1704 1805 in
1727 1756 1892 1804 eodem
1911 1756 2029 1805 libro
2046 1759 2211 1807 Fran-

195 1837 523 1897 cz'sciRedi2),
548 1849 592 1884 et
617 1838 757 1885 altera
780 1839 827 1884 in
853 1848 1045 1883 naturae
1071 1838 1258 1883 historia
1285 1835 1515 1902 quaedam
1544 1834 1809 1900 provinciae
1837 1834 2047 1882 Guianae
2062 1835 2100 1896 3>
2130 1834 2209 1883 de-

194 1911 361 1960 lineata
387 1922 466 1959 est.
534 1912 713 1959 Haller
737 1912 788 1970 4),
822 1922 868 1957 et
890 1911 1028 1958 Redi
1049 1912 1096 1967 ⁵)
1131 1923 1176 1955 et
1205 1908 1520 1955 Zt'edemann
1545 1906 1594 1967 ⁶)
1630 1920 1818 1955 narrant
1849 1910 2042 1975 insuper
2073 1911 2206 1977 plura

195 1988 404 2054 exempla
427 1986 696 2037 Testudinis
726 1984 953 2053 bicipitis,
988 1996 1035 2034 et
1069 1984 1344 2033 lacertarum
1380 1994 1520 2050 caput
1551 1983 1791 2050 geminum
1815 1983 2088 2034 habentium
2113 2006 2206 2035 ser-

196 2066 505 2132 pentiumque
529 2066 787 2131 bicipitum.
856 2061 1127 2112 Ridiculum
1153 2073 1282 2118 esset,
1308 2060 1607 2117 contendere,
1640 2062 1688 2109 in
1714 2073 1929 2128 serpente
1953 2061 2031 2110 illo
2059 2082 2083 2111 e
2108 2063 2206 2114 vul-

194 2163 306 2191 nere
333 2143 536 2209 quodam
563 2142 683 2191 collo
706 2141 879 2189 inssicto
901 2141 1292 2207 progerminasse:
1317 2140 1384 2188 vis
1409 2139 1532 2187 enim
1553 2138 1891 2205 reproductiva,
1916 2159 2203 2207 quamquam

199 2240 380 2269 summa
413 2220 714 2269 admiratione
750 2217 911 2284 digna,
953 2229 1109 2266 tamen
1143 2218 1260 2267 fines
1302 2216 1530 2284 quosdam
1565 2215 1949 2283 conditionesque
1985 2218 2207 2284 sequitur,

199 2318 317 2365 quos
341 2298 459 2348 ultra
485 2299 690 2365 citraque
715 2296 880 2362 nequit
904 2296 1150 2343 consistere
1175 2306 1366 2342 rectum.
1435 2294 1573 2342 Redi
1600 2294 1873 2343 examinavit
1905 2313 2073 2360 magna
2107 2295 2207 2343 dili-

200 2367 353 2442 gentia
376 2375 507 2425 illum
533 2386 796 2443 serpentem
820 2373 1058 2439 bicipitem
1080 2373 1130 2434 ⁷),
1165 2383 1210 2420 et
1240 2371 1415 2421 invenit
1448 2370 1768 2438 oesophagum
1799 2370 2205 2438 ventriculumque

204 2452 453 2520 duplicem,
487 2453 636 2519 hepar
660 2472 766 2501 cum
791 2451 938 2500 vesica
963 2449 1098 2498 fellea
1123 2449 1306 2517 duplex,
1329 2449 1537 2497 tracheas
1563 2448 1688 2505 duaS,
1714 2448 1963 2515 pulmones
1987 2449 2207 2515 geminos,

203 2529 342 2579 corda
366 2530 497 2586 bina3
544 2531 756 2596 quisnam
782 2548 908 2577 nunc
932 2527 1197 2584 arbitratur,
1241 2527 1438 2576 alterum
1463 2538 1603 2594 caput
1627 2545 1734 2574 cum
1758 2527 1908 2575 trunci
1933 2537 2082 2593 parte,
2115 2544 2207 2582 cor,

202 2610 361 2676 hepar,
396 2607 707 2657 ventriculum
732 2607 915 2675 aliaque
939 2605 1228 2665 includente,
1263 2626 1287 2655 e
1312 2605 1505 2664 vulnere
1530 2603 1736 2672 quodam
1761 2623 1858 2653 esse
1884 2604 2068 2652 ortum?
2113 2606 2206 2652 Re-

310 2757 348 2809 1)
380 2757 533 2806 Eggers
560 2768 639 2793 von
670 2755 736 2794 der
763 2756 1174 2809 Wiedererzeugung.
1230 2753 1465 2807 VViirzburg
1495 2753 1611 2793 1821.
1653 2753 1744 2791 8vo.
1781 2765 1818 2802 p.
1852 2748 1922 2789 54:
1953 2748 2062 2799 „Die
2091 2761 2203 2803 rege-

203 2809 374 2850 nerirten
405 2809 545 2848 Theile
579 2809 662 2846 sind
693 2809 829 2848 immet
858 2811 1017 2857 diinner,
1048 2809 1197 2849 kleiner
1224 2807 1304 2846 und
1334 2806 1514 2847 kiirzer.⁷’

310 2874 349 2925 2)
380 2876 483 2913 Redi
506 2873 533 2914 l.
568 2887 598 2911 c.
630 2873 725 2912 Tab.
763 2875 791 2912 I.
820 2871 909 2927 Fig.
941 2874 975 2914 ’1.

309 2938 347 2989 3)
379 2939 457 2978 Ed.
474 2937 681 2988 Bauer-ost:
712 2936 1054 2991 Naturgescbichte
1083 2950 1162 2975 von
1182 2935 1333 2974 Guiana
1350 2933 1389 2971 in
1410 2931 1667 2973 Sildamerica.
1704 2929 1857 2970 Franks.
1878 2936 1916 2966 et
1932 2927 2062 2989 laeipz.
2084 2924 2201 2987 1269.

201 2991 706 3095 ffgssgalispicgissgffieffigies
745 2991 911 3030 ostendit
942 2989 1262 3042 Amphisbaenam
1292 2987 1489 3039 bicipitem
1521 2986 1567 3025 ad
1595 2985 1718 3024 lacum
1752 2982 1976 3034 Champlam
2001 2981 2202 3019 Amencae

309 3106 346 3159 4)
376 3109 422 3147 L.
453 3121 605 3160 c.⁴„pag.
636 3108 729 3148 120.
932 3107 969 3159 5)
1002 3106 1046 3144 L.
1080 3119 1111 3145 c.
1142 3119 1230 3159 pag.
1261 3106 1300 3146 2.

308 3173 346 3222 6)
374 3160 554 3212 Meck‘et's
582 3172 780 3211 deutsches
807 3170 965 3211 Archiv.
998 3170 1170 3210 Tom.V.
1201 3169 1316 3209 1819.
1344 3166 1456 3208 Fasc.
1490 3167 1526 3208 1.
1553 3179 1640 3221 pag.
1657 3164 1747 3205 131.
1856 3160 1892 3211 ⁷)
1920 3161 1966 3200 L.
1994 3173 2025 3198 c.
2049 3172 2136 3212 pag.
2164 3157 2204 3199 5.

1908 3230 1937 3274 4
