2401 3380
1013 189 1330 233 ...23-

169 320 375 386 draeque
399 315 813 384 jucundissimum,
832 316 887 367 iis
912 315 1198 381 objecissem.
1250 315 1540 384 ⁴Saepissime
1565 316 1815 376 observavi,
1839 316 2066 375 Tritones,
2091 336 2167 366 eo·

168 418 273 447 rum
299 409 344 446 et
368 395 692 447 Salamandrae
716 407 821 444 terr.
847 394 1061 460 cordylos
1085 392 1211 443 haud
1236 395 1365 461 prius
1389 414 1437 442 se
1461 413 1619 441 morsu
1644 395 1838 459 petiisse,
1863 412 2002 461 quam
2022 395 2167 462 pabu—

166 474 281 530 lum,
300 493 491 537 causam
515 473 797 530 certaminis,
830 473 950 521 inter
972 473 1074 520 illos
1096 473 1341 529 misissem,
1382 471 1490 519 licet
1520 472 1642 519 farne
1666 471 1835 519 turbati
1861 474 2064 537 quietam
2089 492 2168 520 an-

170 551 305 599 tehac
329 550 450 599 inter
474 570 521 598 se
545 551 760 599 vixissent
782 551 934 600 vitam.
983 548 1278 597 Salamandra
1302 549 1401 615 ipsa
1425 547 1591 604 adulta,
1615 559 1709 596 tam
1733 549 1856 596 iners
1881 560 1926 596 et
1949 549 2084 606 lenta,
2114 561 2169 598 ut

170 629 246 676 vix
269 627 363 676 ulla
388 628 527 676 animi
553 627 801 676 affectione
823 625 1000 673 incitari
1025 645 1160 692 posse
1185 625 1408 683 videatur,
1440 646 1489 674 se
1513 626 1599 674 hac
1623 627 1861 674 occasione
1884 625 2169 675 invidentem

169 717 215 754 et
241 705 514 753 malevolam
538 703 764 771 praebuit.
832 703 903 751 llli
927 703 1176 752 Tritonum
1209 715 1342 752 antea
1375 704 1541 771 integri
1574 703 1701 770 digiti
1734 704 1922 752 forsitan
1947 703 2170 753 similibus

169 784 274 831 rixis
300 795 407 832 sunt
429 782 654 831 vulnerati
681 792 725 829 et
749 780 1026 848 phalangem
1051 801 1195 829 unam
1219 785 1299 830 aut
1323 781 1479 848 plures
1505 782 1759 830 amiserunt
1787 781 1845 842 ¹),
1879 781 1959 829 sed
1989 793 2168 828 tantum

169 861 402 916 abfuerat,
448 871 501 907 ut
537 858 731 908 vulnera
755 858 964 907 cicatrice
1000 870 1152 907 essent
1185 857 1406 915 obducta,
1453 870 1507 907 ut
1539 859 1693 925 potius
1728 858 1794 908 vis
1828 857 2171 924 reproducendi

167 938 344 1004 absque
371 936 496 985 omni
523 935 841 984 moderatione
866 955 960 982 non
987 935 1137 983 solum
1162 935 1363 1001 perditas
1388 935 1639 1000 phalanges
1657 936 1703 983 in
1720 935 1870 1001 digitis
1888 936 2169 992 restituisset,

166 1014 247 1064 sed
272 1015 407 1064 etiam
432 1031 573 1061 novas
598 1011 951 1077 superfluasque
976 1029 1237 1058 excrescere
1260 1010 1477 1075 jussisset.

1039 1089 1042 1092 ’
1079 1089 1117 1150 §-
1176 1090 1253 1136 26.

300 1171 417 1215 Istos
441 1177 533 1214 tres
557 1165 774 1214 Tritones
799 1163 927 1214 domi
951 1164 1043 1213 alui
1069 1176 1114 1214 et
1137 1185 1260 1214 unus
1287 1170 1464 1224 eorum,
1487 1184 1597 1223 mas,
1621 1164 1828 1215 animum
1852 1185 2011 1215 meum
2027 1185 2169 1233 quam

170 1244 376 1293 maximo
401 1244 559 1292 affecit
581 1243 776 1310 gaudio:
801 1243 1046 1294 observare
1071 1243 1195 1292 enim
1220 1244 1364 1310 potui,
1390 1262 1483 1310 qua
1507 1243 1703 1291 mirabili
1727 1245 1904 1293 ratione
1927 1245 1994 1295 vis
2013 1264 2170 1312 repro-

164 1321 348 1372 ductiva
367 1322 416 1370 in
435 1321 706 1369 Tritonibus
723 1321 916 1383 vulnera
932 1332 1081 1379 sanat,
1104 1321 1201 1369 sine
1226 1321 1319 1370 ulla
1343 1321 1625 1371 substantiae
1649 1322 1905 1370 amissione.
1942 1321 2083 1385 Quod
2103 1322 2171 1369 ef-

164 1399 285 1455 fecit,
309 1409 365 1447 ut
386 1397 612 1462 majorem
635 1397 779 1447 fidem
802 1399 1065 1448 tribuissem
1087 1399 1153 1448 illi
1179 1399 1387 1466 opinioni
1410 1399 1505 1465 jam
1529 1418 1670 1467 supra
1692 1399 1905 1448 laudatae
1925 1398 1983 1448 de
2005 1398 2168 1465 digito·

164 1494 272 1524 rum
295 1476 587 1524 bifurcorum
613 1494 764 1524 causa.
1099 1480 1102 1483 ⁴

300 1556 543 1601 Autumno
562 1556 932 1603 MDCCCXXVI
948 1552 1161 1621 quidem,
1187 1573 1295 1603 cum
1317 1553 1569 1604 lumbricos
1592 1554 1738 1603 rarius
1762 1553 2036 1603 animalibus
2058 1552 2174 1600 meis

168 1628 409 1696 porrigere
441 1630 721 1697 potuissem,
756 1632 963 1680 esuriens
994 1632 1200 1680 foemina
1224 1633 1474 1681 Tritonum
1508 1632 1694 1682 illorum
1717 1632 1882 1681 invasit
1904 1650 2080 1680 marem
2102 1649 2174 1678 so-

161 1706 308 1764 cium,
343 1718 388 1755 et
412 1707 623 1775 deglutiit
645 1708 816 1777 pedem
842 1709 942 1775 ejus
975 1710 1207 1777 posticum
1242 1709 1454 1759 dextrum
1487 1730 1639 1777 usque
1674 1709 1731 1759 ad
1764 1729 1911 1776 genu,
1946 1707 2027 1757 sed
2061 1707 2173 1774 pedi

166 1783 412 1833 avellendo
443 1786 596 1851 impar
627 1789 686 1835 ab
719 1788 907 1854 incepto
942 1788 1159 1837 recedere
1193 1788 1347 1836 coacta
1374 1798 1460 1845 est,
1491 1806 1616 1854 genu
1639 1787 1838 1854 graviter
1859 1786 2100 1837 vulnerato
2125 1785 2173 1837 in

166 1871 299 1925 parte
323 1862 576 1924 superiore.
646 1865 798 1907 Heus!
834 1881 928 1926 qua
951 1862 1128 1910 ratione
1152 1856 1243 1910 hoe
1266 1864 1434 1907 vulnus
1459 1865 1722 1907 consanuit!
1764 1864 1911 1911 tribus
1933 1863 2173 1910 mensibus

163 1948 271 2002 post
295 1935 484 2002 vestigia
507 1935 616 1983 novi
641 1935 772 2001 pedis
797 1954 822 1982 e
846 1938 1050 1985 vulneris
1074 1934 1224 1984 sundo
1248 1945 1474 2001 prorupta
1491 1934 1708 2002 conspexi
1728 1938 1780 1998 ²),
1804 1937 1899 1986 duo
1919 1938 2047 2005 digiti
2065 1958 2171 1988 cum

166 2013 439 2061 membrana
462 2012 685 2060 natatoria
718 2013 965 2079 perspicue
999 2024 1130 2061 erant
1161 2011 1474 2080 distinguendi
1500 2013 1561 2075 ³),
1603 2033 1721 2081 quos
1755 2014 1923 2064 animal
1955 2035 2170 2064 nonnun-

165 2109 307 2157 quam
333 2089 579 2154 paululum
601 2089 746 2139 movit
771 2086 825 2151 4).

1086 2167 1124 2227 ἓ.
1174 2169 1251 2218 27.

298 2246 526 2293 Naturam
551 2242 891 2292 medicatricem
916 2242 952 2291 si
976 2244 1246 2310 respicimus
1270 2244 1463 2295 vulnera
1487 2245 1683 2295 aliorum
1709 2246 1974 2296 animalium
2002 2265 2165 2297 curan-

170 2332 290 2376 tem,
332 2321 451 2369 sacta
476 2321 608 2369 nobis
633 2340 681 2368 se
707 2321 938 2379 offerunt,
981 2321 1152 2387 quibus
1177 2334 1457 2373 'evanescunt
1480 2323 1717 2391 paulisper
1740 2323 2002 2391 prodigiosa
2026 2326 2168 2390 hujus

166 2398 412 2446 sanationis
435 2399 483 2446 in
510 2397 780 2447 Tritonibus
803 2397 1035 2447 miracula.

270 2549 306 2599 1)
336 2548 475 2588 Verbis
504 2551 565 2589 vix
588 2552 804 2592 describere
835 2566 1005 2605 possum,
1035 2559 1179 2604 quanto
1209 2552 1356 2605 impetu
1379 2552 1572 2603 Tritones,
1603 2567 1736 2594 eorum
1763 2554 2167 2608 Salamandrarumque

162 2602 306 2655 cordyli
334 2602 375 2640 in
407 2604 583 2654 praedam
611 2605 779 2655 irruant,
814 2606 912 2646 fame
944 2606 1085 2645 vexati:
1129 2607 1387 2646 verocissimis
1418 2615 1512 2646 tunc
1542 2608 1834 2660 crudelibusque
1863 2609 2086 2648 animalibus
2115 2611 2166 2648 si·

160 2655 268 2694 miles
295 2664 498 2707 apparent,
528 2671 614 2694 nam
648 2658 745 2697 alter
771 2660 931 2698 alterum
962 2660 1173 2707 consumit,
1202 2669 1380 2712 parentes
1414 2661 1529 2712 pullis
1569 2662 1646 2700 suis
1678 2672 1906 2709 vescuntur,
1947 2663 2042 2714 pulli
2070 2677 2163 2716 cog-

160 2716 270 2747 natos
300 2709 471 2748 minores
503 2710 700 2758 devorant,
727 2712 820 2760 imo,
849 2713 1040 2751 interdum
1071 2713 1270 2766 cordylum
1299 2727 1375 2752 una
1404 2728 1491 2753 cum
1519 2714 1681 2768 abrepto
1709 2716 1823 2754 fratre
1853 2715 2039 2754 suffocare
2064 2715 2162 2763 vidi;

159 2761 223 2800 alii
261 2771 294 2801 e‘
321 2762 473 2814 proelio
516 2773 718 2802 evaserunt
744 2766 871 2805 caudis
898 2765 1136 2819 pedibusque
1164 2766 1311 2817 mutili,
1349 2781 1463 2820 quam
1493 2769 1739 2809 amissionem
1774 2769 1914 2808 sensim
1945 2768 2161 2821 sensimque

164 2827 266 2854 nova
296 2816 467 2855 membra
500 2817 739 2869 supplebant.

269 2878 308 2930 2)
340 2878 431 2933 Fig.
458 2882 523 2920 22.
556 2889 594 2920 et
620 2881 684 2921 23.

266 2942 304 2992 3)
335 2943 419 2996 rig.
447 2946 513 2984 22.
544 2959 576 2986 a.
606 2953 645 2985 et
674 2945 712 2985 b.

264 3004 302 3056 4)
331 3006 445 3045 Hunc
481 3008 687 3049 Tritonem
723 3008 963 3049 vulneratum
1004 3024 1075 3061 per
1108 3024 1250 3049 annum
1291 3011 1485 3066 integrum
1518 3024 1630 3052 curae
1661 3026 1770 3051 meae
1801 3012 1994 3062 commisi,
2031 3027 2158 3066 neque

159 3059 260 3098 illam
289 3059 569 3100 deformitatem
602 3071 689 3102 cute
719 3063 936 3108 communi,
966 3062 1156 3102 obtectam
1185 3065 1346 3117 amplius
1377 3080 1457 3105 esse
1487 3073 1667 3103 mutatam
1701 3074 1766 3103 aut
1799 3066 1994 3106 adauctam
2024 3068 2158 3108 obser-

160 3113 256 3152 vavi.
310 3114 451 3153 Postea
480 3115 570 3153 edax
599 3116 774 3169 Dytiseus
804 3117 972 3156 saucium
999 3131 1139 3166 meum,
1174 3119 1278 3170 quod
1305 3119 1513 3159 dolendum
1542 3126 1612 3169 est,
1643 3118 1797 3160 occidit.
