2401 3380
1039 200 1378 248 ...15-

343 329 461 375 Cum
487 337 640 375 autem
666 325 817 375 foetus
841 325 1164 376 salamandrae
1189 325 1432 394 diligenter
1454 326 1814 393 inquisivissem,
1845 329 1960 378 nihil
1986 331 2209 399 erythroi·

208 407 277 457 dis
300 409 483 457 tunicae
507 409 649 456 instar
672 409 888 475 cognovi,
919 429 1007 458 nec
1030 409 1077 457 in
1103 410 1323 468 foetibus,
1347 429 1433 458 nec
1455 409 1501 457 in
1529 410 1724 478 cordylis
1747 413 1820 460 vix
1844 414 1960 460 natis
1983 413 2108 462 illam
2132 432 2208 463 ve-

204 491 343 538 sicam
369 491 619 539 urinariam
644 490 860 558 detegere
884 491 1029 557 potui,
1054 510 1195 556 quam
1222 503 1266 540 et
1290 491 1602 558 sagacissimus
1626 503 1784 540 noster
1805 494 1858 542 F
1856 494 1957 541 ank
1973 496 2021 543 in
2038 495 2091 543 iis
2110 513 2207 544 non

204 572 465 622 observavit
490 573 539 633 ¹).
584 578 639 621 In
666 573 862 639 cordylis
885 570 1186 637 longitudinis
1210 573 1387 640 pollicis
1413 585 1458 622 et
1481 574 1616 622 semis
1641 576 1681 635 2)
1706 574 1829 623 illam
1853 576 2052 626 vesicam
2076 577 2209 625 mini-

200 675 324 704 mam
360 655 537 712 inveni,
573 655 748 720 quippe
780 673 900 719 quae
934 673 1019 720 per
1042 674 1183 704 anum
1207 657 1361 704 inflata
1385 657 1584 704 formam
1609 655 1842 705 cordatam
1868 657 2087 717 ostendit,
2120 661 2204 707 sed

200 737 412 785 nondum
438 755 579 803 super
602 737 784 785 cristam
809 737 980 784 ossium
1005 738 1141 803 pubis
1166 739 1422 806 prominet;
1447 739 1494 786 in
1520 737 1715 806 cordylis
1740 759 1850 788 vero
1875 740 2063 805 pollices
2088 739 2207 788 duos

200 819 349 885 longis
385 819 538 867 inflata
562 819 645 867 ista
668 819 816 868 vesica
841 838 980 885 supra
1005 820 1317 885 cartilaginem
1350 819 1653 888 ypsiloideam
1677 822 1921 887 prospicit,
1955 823 2208 888 paucisque

199 902 316 949 vasis
342 912 408 949 est
433 912 604 949 ornata.
673 900 825 949 Facile
851 901 1042 966 quidem
1066 902 1255 968 intelligi
1281 913 1445 968 potest,
1468 921 1639 950 munus
1663 901 1783 950 illius
1808 903 1983 951 vesicae
2007 905 2054 951 in
2080 903 2210 951 adul-

198 983 255 1031 tis
279 984 497 1049 incipere,
523 982 602 1030 sed
628 993 751 1029 certe
776 983 875 1045 ejus
899 1001 1010 1030 usus
1035 986 1165 1031 haud.
1189 985 1293 1030 satis
1318 994 1466 1048 patet:
1494 983 1632 1048 longe
1658 983 1731 1029 alii
1757 985 1924 1040 adhuc,
1950 1004 2090 1050 quam
2114 985 2207 1033 uri-

198 1084 285 1112 nae
309 1062 612 1115 reservandae
637 1063 720 1111 fini
745 1063 1018 1130 respondet:
1045 1084 1130 1113 cur
1153 1065 1275 1113 enim
1299 1075 1423 1114 tanta
1449 1065 1491 1113 ei
1516 1084 1731 1114 vasorum
1757 1063 2071 1114 abundantia?

1115 1146 1156 1209 §.
1211 1155 1285 1196 13.

328 1234 401 1277 De
426 1245 559 1276 sexus
584 1227 765 1294 organis
789 1228 853 1275 nil
877 1248 964 1277 nec
986 1229 1033 1277 in
1061 1229 1261 1277 foetibus
1286 1249 1372 1277 nec
1396 1229 1443 1277 in
1465 1228 1660 1297 cordylis
1679 1229 1937 1277 minoribus
1957 1233 2202 1279 observare

195 1310 342 1376 potui.
389 1309 673 1376 Septembris
697 1328 855 1358 mense
881 1312 1085 1378 primum
1107 1310 1223 1360 illud
1248 1331 1418 1378 corpus
1443 1310 1710 1378 adiposum,
1745 1332 1841 1378 quo
1867 1312 2065 1379 plurima
2088 1315 2199 1360 Am-

194 1393 354 1459 phibia
386 1402 494 1439 sunt
527 1391 772 1448 instructa,
805 1394 982 1442 formae
1006 1394 1153 1442 lineae
1177 1394 1329 1442 tenuis
1355 1404 1400 1442 et
1424 1393 1590 1442 coloris
1614 1394 1728 1443 lutei
1753 1395 1939 1462 adspexi
1966 1395 2004 1455 ³)
2028 1395 2075 1442 in
2100 1413 2199 1443 cor·

193 1474 309 1542 dylis
333 1472 520 1540 pollices
546 1472 663 1522 duos
694 1474 864 1542 longis,
896 1475 1191 1525 Salamandra
1215 1476 1355 1543 igitur
1378 1476 1560 1544 organis
1585 1476 1846 1525 sexualibus
1871 1495 2030 1524 carens
2054 1476 2201 1524 nasci·

191 1567 280 1612 tur,
306 1567 350 1604 et
375 1575 460 1622 per
482 1567 625 1605 totam
651 1557 827 1625 cordyli
852 1570 1019 1607 statum
1045 1560 1220 1625 absque
1245 1569 1369 1606 certo
1394 1576 1565 1625 genere
1589 1559 1744 1610 vivere
1768 1558 1963 1610 videtur.

1107 1640 1146 1707 ᾧ.
1199 1646 1272 1690 14.

323 1719 463 1770 Aliud
497 1720 652 1771 adhuc
684 1733 752 1770 est
775 1722 1135 1789 phaenomenon
1160 1724 1208 1771 in
1233 1721 1540 1772 Salamandris
1571 1735 1733 1772 notatu
1761 1722 2091 1786 dignissimum,
2117 1719 2198 1768 sed

189 1803 305 1851 mihi
326 1803 573 1867 hucusque
598 1824 693 1852 non
718 1806 824 1853 satis
847 1805 1046 1853 clarum:
1081 1807 1129 1853 in
1164 1805 1364 1853 foetibus
1389 1824 1547 1853 mense
1572 1805 1856 1871 Septembris
1882 1804 2075 1871 repertis
2098 1802 2197 1850 lon-

191 1883 410 1950 gitudinis
433 1883 660 1929 linearum
685 1901 761 1929 sex
784 1884 990 1932 vitellum
1013 1883 1107 1945 jam
1140 1885 1272 1929 valde
1311 1892 1608 1929 consumtum
1641 1886 1817 1942 inveni,
1853 1897 1897 1933 et
1929 1898 2023 1933 tam
2057 1902 2197 1950 parva

191 1967 293 2030 ejus
318 1964 450 2029 copia
474 1975 736 2029 supererat,
760 1975 813 2012 ut
834 1964 906 2012 vix
931 1962 989 2011 ad
1015 1963 1268 2029 perfectam
1292 1963 1620 2011 formationem
1647 1976 1692 2012 et
1717 1966 1930 2013 foetuum
1955 1984 2197 2014 conserva·

189 2048 364 2095 tionem
389 2065 474 2112 per
495 2046 697 2093 hiemem
723 2046 940 2094 sufficere
965 2045 1201 2111 potuisset.
1267 2045 1487 2113 Cordylis‚
1512 2044 1638 2094 domi
1663 2059 1768 2095 ante
1793 2047 1952 2096 oculos
1975 2067 2105 2096 meos
2128 2048 2196 2095 in-

191 2129 388 2194 cipiente
412 2126 539 2189 Majo
574 2128 711 2182 natis,
746 2127 988 2193 longitudo
1025 2127 1201 2193 pollicis
1228 2138 1272 2175 et
1296 2127 1530 2176 linearum
1551 2127 1749 2177 duarum
1775 2130 1883 2187 suit,
1921 2143 1965 2179 et
1988 2130 2195 2178 vitellum

188 2212 234 2259 in
260 2211 483 2259 intestinis
508 2210 634 2259 haud
664 2210 817 2258 inveni
844 2210 895 2270 4).
965 2213 1075 2274 Quo
1100 2209 1267 2259 auxilio
1291 2210 1337 2258 in
1364 2211 1536 2259 ultimis
1562 2212 1796 2260 mensibus
1822 2213 1973 2261 foetus
2007 2212 2099 2269 isti,
2132 2212 2197 2260 vi·

190 2363 422 2416 Vorsprung
456 2376 514 2399 am
544 2362 813 2399 Krummdarm
852 2337 1002 2400 endlich
1038 2361 1161 2412 (Spur
1196 2361 1264 2399 der
1294 2361 1531 2413 ehemaligen
1562 2362 1819 2416 Verbindung
1856 2363 1919 2401 des
1948 2362 2196 2401 Darmkanals

190 2425 260 2462 mit
290 2426 358 2464 der
383 2425 630 2476 Nabelblase>
660 2426 779 2463 findet
810 2424 889 2463 sich
921 2423 1016 2461 nach
1047 2425 1244 2463 Needlzam
1276 2425 1354 2462 und
1383 2426 1532 2464 Maitre
1562 2426 1663 2464 Jean
1697 2427 1759 2464 das
1789 2441 1908 2479 ganze
1938 2427 2070 2465 Leben
2111 2426 2194 2464 hin·

191 2487 311 2526 durch
341 2488 404 2526 bei
430 2489 530 2528 allen
559 2489 727 2543 Vogelm
760 2488 984 2542 vorziiglich
1012 2488 1103 2526 aber
1130 2489 1202 2527 den
1235 2489 1429 2527 VVasser-
1458 2488 1536 2526 und
1567 2489 1942 2543 Sunipf-Vogeln.“

299 2562 333 2612 1)
373 2562 417 2601 L.
452 2562 514 2602 eit.
549 2578 634 2616 pag.
670 2563 734 2603 35.
773 2564 810 2615 §.
845 2562 908 2602 65.
972 2563 1163 2611 „Vesicae
1202 2564 1255 2602 sic
1293 2564 1414 2602 dictae
1451 2562 1661 2611 urinariae,
1708 2579 1757 2602 ne
1798 2565 2001 2618 vestigium
2038 2564 2190 2617 quidem

189 2627 314 2665 vidi.“

297 2701 335 2751 2)
368 2699 456 2752 Fig.
490 2700 524 2738 1.

296 2775 333 2826 3)
369 2775 564 2813 celeberr.
594 2775 742 2813 Ratlzlce
774 2776 909 2814 codem
944 2783 1117 2827 tempore
1148 2790 1287 2829 corpus
1327 2777 1525 2829 adiposum
1558 2777 1704 2815 luteum
1740 2776 1955 2814 observavit
1987 2777 2025 2814 in
2057 2777 2189 2829 cordy-

192 2840 236 2878 lis
264 2839 490 2877 Tritonum:
528 2839 572 2876 de
607 2838 933 2876 Salamandmrum
974 2840 1198 2891 corporibus
1238 2841 1401 2892 adiposis
1435 2849 1506 2880 etc.
1536 2855 1621 2893 pag.
1655 2841 1714 2879 3.:
1747 2839 1905 2888 „Simul
1939 2840 2048 2878 etiam
2079 2839 2189 2878 color

192 2905 274 2952 ejus
303 2903 441 2941 citreus
468 2902 536 2940 sub
567 2917 736 2940 mensem
767 2902 1002 2952 Septembris
1032 2902 1070 2941 in
1100 2904 1260 2955 cordylis
1293 2903 1368 2941 Sal.
1395 2904 1567 2942 cristatae
1597 2904 1636 2941 in
1670 2903 1828 2950 luteum,
1860 2903 1898 2940 in
1928 2902 2088 2955 cordylis
2107 2903 2185 2943 Sal.

193 2964 377 3005 taeniatae
406 2973 444 3003 et
470 2965 641 3016 alpestris
672 2967 709 3003 in
740 2965 994 3002 aurantiacum
1025 2966 1110 3017 plus
1144 2968 1316 3005 minusve
1340 2975 1545 3005 saturatum
1576 2967 1759 3006 transit.“

297 3038 335 3090 4)
369 3039 513 3078 Omnes
550 3040 723 3093 cordylos
762 3040 1026 3079 Salamandrae
1062 3042 1250 3080 terrestris
1289 3055 1439 3093 semper
1473 3055 1621 3081 macros
1661 3049 1698 3079 et
1738 3040 1889 3090 jejunos
1930 3039 2056 3078 enasci
2096 3039 2186 3094 fidi,
