2401 3380
1045 210 1343 255 .-9.....⁴

185 338 430 389 minimum
465 336 660 386 tolerare
691 337 868 404 nequit,
901 348 946 386 et
979 348 1101 386 certe
1137 337 1274 386 etiam
1309 336 1518 387 animalia
1558 336 1631 387 illa
1664 340 1892 405 aquatilia,
1932 342 2177 395 animantia

184 421 414 472 terrestria
438 421 474 469 si
497 421 630 477 fiunt,
661 419 997 486 branchiasque
1031 420 1222 469 omnino
1255 419 1509 487 deponunt,
1540 420 1811 486 gravissimis
1844 424 2049 490 subjecta
2072 439 2180 477 sunt

183 502 632 553 commutationibus.
1345 501 1347 503 ¹
2068 507 2070 510 ’

315 584 470 634 Alium
506 604 669 633 eorum
704 595 809 651 post
844 582 1186 633 hebdomadem
1219 584 1469 634 secundam
1496 586 1639 635 oculis
1663 586 1776 635 meis
1800 589 2053 638 accuratius
2077 610 2182 657 per·

183 667 388 725 lustravi,
431 685 690 732 manusque
729 670 1073 733 meas÷absque
1117 665 1288 715 damno
1333 667 1529 718 admovi.
1599 673 1856 718 Tumorem
1898 690 2184 730 evanescere,

182 749 472 815 caudamque
496 747 744 796 rotundam
769 749 911 815 magis
943 749 1150 815 accipere
1184 750 1382 798 formam
1412 750 1528 800 vidi:
1562 761 1753 799 truncos
1784 764 1876 801 tres
1910 754 1957 801 in
1982 766 2184 821 utroque

182 831 336 887 latere,
359 831 575 897 reliquias
598 831 923 879 branchiarum
950 831 1170 897 paulatim
1200 832 1518 881 imminescere
1545 833 1781 883 observavi
1803 834 1852 894 ¹).

315 913 454 962 Rima
485 913 601 977 cutis
633 933 759 961 nunc
792 913 1028 961 obliterata
1061 913 1108 962 in
1143 925 1401 963 transverso
1437 914 1556 963 collo
1591 915 1758 981 plicam
1791 913 1915 962 illam
1940 916 2182 974 formabat,

185 1015 304 1061 quae
336 997 383 1043 in
420 996 545 1042 omni
577 994 900 1043 Salamandrae
936 1006 980 1041 et
1004 995 1208 1041 Tritonis
1243 996 1394 1060 specie
1428 995 1660 1042 branchiis
1697 994 1884 1057 dejectis
1918 997 2187 1048 observatur

183 1089 228 1126 et
249 1078 405 1125 locum
423 1076 592 1143 -prioris
615 1077 806 1124 fissurae
832 1074 890 1124 ad
914 1075 1139 1141 spiracula
1161 1075 1369 1124 ducentis
1392 1076 1439 1124 in
1460 1088 1605 1125 aetate
1625 1077 1720 1141 jam
1742 1078 1936 1125 maxime
1960 1081 2187 1144 provectis

184 1179 369 1227 semper
393 1158 547 1207 adhuc
572 1158 778 1224 designat
797 1159 848 1218 2).
895 1162 1093 1206 Parvam
1117 1155 1271 1206 adhuc
1295 1170 1572 1224 aperturam,
1596 1158 1652 1207 ad
1673 1159 1828 1208 fauces
1852 1159 2186 1226 perducentem

183 1254 288 1308 post
321 1241 576 1307 quemlibet
607 1252 823 1288 truncum
856 1240 902 1286 in
937 1251 1139 1304 utroque
1172 1239 1314 1288 latere
1348 1241 1574 1306 reliquam
1608 1242 1789 1299 inveni,
1825 1261 1944 1308 quae
1979 1246 2184 1310 corporis

183 1323 386 1372 conditio
409 1322 717 1388 in'spiraculis
741 1321 896 1369 Protei
924 1321 1113 1386 anguini
1146 1333 1191 1369 et
1213 1322 1401 1371 Sirenae
1425 1322 1669 1371 lacertinae
1696 1323 1857 1372 eadem
1882 1326 2121 1391 reperitur.

317 1409 429 1453 Post
461 1416 553 1453 tres
570 1413 742 1454 'autem
772 1402 1090 1469 hebdomades
1123 1403 1185 1453 illi
1210 1404 1383 1474 cordyli
1419 1405 1465 1453 in
1491 1406 1702 1454 animalia
1725 1408 1954 1456 terrestria
1978 1427 2184 1459 commu-

183 1500 274 1537 tata
298 1498 428 1537 erant
447 1489 498 1548 ³).
1603 1490 1607 1493 ’
1744 1489 1746 1491 ’

316 1574 504 1627 Cutem,
539 1589 659 1638 quae
692 1581 848 1628 antea,
891 1570 1093 1636 cordylis
1126 1571 1211 1621 sub
1246 1590 1366 1639 aqua
1397 1573 1677 1629 viventibus,
1721 1573 1853 1622 fusco
1889 1584 1985 1622 erat
2017 1574 2183 1630 colore,

182 1672 311 1703 nunc
351 1654 647 1720 nigerrimam
677 1653 885 1702 maculae
918 1655 1208 1703 aurantiacae
1242 1667 1287 1703 et
1318 1655 1537 1704 distinctis
1569 1656 1774 1704 terminis
1805 1656 1962 1705 finitae
1995 1676 2185 1705 exorna·

182 1736 307 1794 bant,
330 1755 451 1803 quae
474 1736 521 1784 in
547 1736 632 1784 illis
658 1735 811 1785 adhuc
834 1737 882 1785 in
907 1756 1028 1803 aqua
1051 1738 1312 1788 viventibus
1344 1739 1490 1788 flavae
1516 1750 1561 1786 et
1592 1739 1788 1786 obscure
1811 1739 2080 1786 terminatae
2105 1738 2186 1786 ob-

184 1820 436 1868 servantur.
488 1817 665 1865 TCauda
698 1838 825 1866 nunc
848 1818 1294 1872 rotunda-‘dorsum
1329 1815 1534 1885 planum,
1566 1819 1698 1868 crista
1731 1819 1805 1867 illa
1841 1820 2063 1867 natatoria
2095 1820 2187 1885 pri·

184 1910 355 1948 vatum.
423 1899 556 1943 Duae
602 1896 705 1942 illae
733 1897 944 1957 ‘majores
983 1896 1230 1960 glandulae
1278 1896 1559 1960 cccipitales‚
1607 1896 1778 1961 quibus
1819 1898 2114 1948 salamandra
2161 1919 2186 1949 a

186 1980 380 2029 Tritone
403 1988 457 2025 ut
478 1977 605 2025 Bufo
631 1979 811 2023 a1Rana
847 1974 1019 2032 differt,
1053 1987 1099 2024 et
1129 1976 1204 2024 illa
1229 1976 1724 2042 series·glandularum
1757 1977 1940 2043 duplex,
1975 1999 2095 2046 quae
2130 1983 2187 2031 ab

188 2061 382 2127 occipite
405 2078 555 2125 usque
589 2056 647 2106 ad
683 2056 857 2105 caudae
883 2058 1060 2123 apicem
1091 2057 1139 2104 in
1164 2056 1302 2106 dorso
1329 2056 1651 2107 Salamandrae
1675 2071 1780 2107 terr.
1807 2059 2021 2120 decurrit,
2043 2064 2188 2129 magis

189 2143 428 2210 magisque
453 2150 749 2207 erupuerant,
776 2139 888 2187 ostia
913 2158 995 2187 sua
1020 2151 1212 2188 cutanea
1236 2140 1376 2206 nigris
1399 2141 1583 2207 punctis
1608 2141 1922 2208 significantes.
1991 2144 2186 2194 Nullum

188 2226 431 2291 vestigium
464 2222 791 2271 branchiarum
824 2231 869 2269 et
902 2222 1258 2288 spiraculorum,
1289 2223 1376 2270 nisi
1417 2222 1535 2288 plica
1567 2224 1659 2288 jam
1702 2244 1842 2291 supra
1874 2223 2069 2283 laudata,
2112 2226 2188 2275 ad-

190 2308 353 2356 fuerat.
423 2304 817 2354 Commutationes
850 2323 960 2353 vero
994 2323 1090 2351 non
1123 2304 1274 2352 solum
1308 2303 1365 2351 ad
1398 2304 1602 2352 colorem
1635 2318 1679 2353 et
1709 2308 1907 2372 figuram
1943 2318 2187 2365 externam,

192 2390 250 2438 ad
272 2390 510 2438 materiem
544 2386 810 2436 animalium
845 2385 1043 2444 illorum,
1076 2386 1394 2452 pertinuerant
1426 2385 1504 2435 sed
1538 2387 1674 2434 etiam
1700 2387 1756 2435 ad
1781 2407 1946 2436 mores.
2015 2389 2186 2457 Cordy-

192 2472 346 2520 lo'rum
371 2471 492 2519 enim
517 2482 680 2519 natura
714 2480 809 2517 erat
841 2467 989 2516 alacer
1012 2479 1057 2516 et
1080 2469 1221 2528 vivax,
1260 2488 1386 2519 nunc
1417 2470 1465 2518 in
1491 2469 1701 2519 animalia
1724 2471 1953 2519 terrestria
1978 2473 2184 2523 conversi

193 2552 322 2602 tarde
347 2563 392 2601 et
416 2554 615 2618 segniter
645 2571 693 2601 se
717 2554 978 2604 movebant.

303 2752 337 2801 1)
367 2750 452 2804 Fig.
481 2750 518 2789 7.

301 2837 338 2886 2)
368 2835 510 2874 Plicam
537 2833 645 2872 istam
677 2820 872 2871 cutaneam
902 2833 1158 2887 depingebant
1174 2836 1354 2875 Rus-coni:
1384 2834 1550 2875 Amours
1580 2837 1643 2875 des
1662 2836 1919 2875 Salamandres
1947 2835 2178 2887 aquatiques.

199 2899 357 2938 Tab.11.
382 2899 469 2952 Fig.
485 2900 522 2937 2.
541 2906 579 2936 et
602 2896 699 2936 Tab.
723 2897 787 2936 IV.
811 2896 897 2950 th.
927 2897 965 2937 8.
995 2898 1168 2937 Tritonis
1204 2900 1317 2952 nigri,
1348 2900 1514 2948 Ratlzlfe:
1544 2901 1722 2954 Beitr'aige
1752 2916 1820 2939 zur
1853 2899 2081 2938 Geschichte
2114 2900 2180 2938 der

201 2964 236 3001 T
241 2962 426 3002 hierwelt.
441 2962 592 3016 Danzig
609 2961 724 3000 1820.
741 2957 820 3000 4to.
831 2959 916 3000 fasc.
933 2961 960 2999 Ι.
976 2962 1070 3001 tiber
1086 2963 1146 3002 die
1163 2963 1374 3012 Urodelen,
1390 2963 1485 3003 Tab.
1501 2965 1529 3004 1.
1546 2964 1629 3017 Fig.
1648 2965 1682 3004 1.
1700 2963 1960 3002 Salamandrae
1976 2964 2177 3004 terrestri&

304 3047 341 3098 ³)
372 3046 456 3100 rig.
485 3045 522 3084 ὃ.
573 3085 578 3090 ,

1888 3130 1916 3172 2
