2401 3380
1059 203 1348 252 ..7-

200 342 361 385 omnes
385 330 709 381 branchiarum
733 331 936 381 ramulos
959 330 1147 381 vidisses
1172 343 1440 400 corrugatos
1472 343 1611 399 atque
1637 333 1825 384 obtusos
1847 335 1896 396 ¹).
1966 337 2199 399 fissuram

198 417 256 466 ad
281 415 781 484 spiraculazducentem
813 416 860 464 in
885 416 936 464 iis
961 435 1146 483 semper
1168 427 1404 483 patentem
1427 415 1534 465 vidi.

330 503 574 566 Aquamve
605 510 748 564 puteo
781 500 1003 556 haustam,
1037 500 1084 546 in
1120 518 1262 565 quam
1295 498 1513 562 eordylos
1547 511 1706 566 captos
1731 498 1858 548 domi
1881 502 2094 568 imposui,
2128 522 2201 551 so.-

194 583 288 631 lam
313 602 497 631 causam
521 581 707 630 illorum
732 582 1103 630 commutationis
1136 583 1279 631 fuisse
1314 601 1588 650 persuasum
1612 583 1776 642 habeo,
1806 583 1936 651 quod
1968 586 2201 653 sequenti-

196 665 285 715 bus
309 665 590 732 argumentis
616 664 825 711 evincere
850 664 1066 712 conabor.

329 750 484 797 Nemo
525 758 603 805 est,
636 746 718 812 qui
751 745 943 803 dubitet,
975 748 1088 814 quin
1123 747 1278 796 omnia
1312 746 1537 806 animalia,
1579 748 1812 798 branchiis
1844 749 2076 807 instructa,
2123 769 2202 817 gas

196 830 476 898 oxygenium
500 849 595 878 non
622 849 675 877 ex
700 849 820 896 aqua
843 830 943 897 ipsa
967 830 1194 890 hauriant,
1218 834 1302 880 sed
1326 836 1430 880 ae're
1448 851 1597 898 aquae
1616 831 1810 881 admisto
1828 844 2030 890 utantur,
2055 851 2079 881 e
2106 851 2201 899 quo

196 912 422 979 pabulum
446 914 564 963 vitae
591 912 879 979 depromant.

329 1001 385 1044 In
420 997 549 1043 fonte
581 995 712 1042 novis
746 1013 931 1060 semper
961 993 1100 1042 undis
1132 995 1401 1061 prosiliente
1433 996 1638 1043 viventes
1672 996 1851 1060 cordyli
1885 1008 2111 1063 perpetue
2144 997 2200 1046 ab

195 1078 382 1144 integris
407 1076 543 1125 undis
569 1076 827 1146 alluuntur3
860 1076 1125 1125 mirandum
1148 1077 1290 1143 igitur
1312 1097 1406 1126 non
1433 1089 1512 1136 est,
1546 1077 1758 1147 cordylos
1781 1079 1880 1127 illos
1905 1091 2074 1145 capto&
2101 1080 2203 1145 qui-

194 1160 283 1208 bus
306 1160 352 1208 in
379 1160 518 1208 sontis
544 1158 796 1207 suavissimi
828 1158 984 1208 locum
1020 1159 1204 1208 nonnisi
1240 1180 1435 1227 parvum
1470 1162 1669 1228 spatium
1693 1160 1877 1227 liquore
1902 1174 2106 1221 puteano
2131 1181 2201 1210 re-

194 1241 374 1309 pletum
398 1242 676 1290 substituere
710 1242 855 1308 potui,
889 1241 1124 1291 defectum
1145 1244 1400 1292 ‘necessarii
1435 1244 1638 1292 alimenti
1674 1244 1794 1293 ae'rei
1825 1244 1956 1293 brevi
1989 1256 2200 1312 tempore

196 1314 414 1383 seritiisse,
456 1325 695 1391 aliumque
734 1324 822 1373 sibi
864 1325 1051 1374 vivendi
1082 1325 1277 1375 modum
1310 1328 1602 1394 quaesivisse.
1674 1330 1810 1376 Certe
1844 1327 2075 1384 obiissent,
2115 1327 2202 1375 nisi

194 1406 424 1473 cupiditas
448 1407 564 1454 ae'ris
589 1407 830 1475 oxygenati
856 1427 935 1456 eos
959 1409 1234 1458 stimulasset
1266 1408 1324 1457 ad
1358 1410 1639 1476 pulmonum
1663 1429 1815 1467 usum,
1850 1411 1930 1476 qui
1955 1411 2202 1476 hucusque

194 1489 380 1539 incavo
405 1490 663 1540 abdominis
688 1502 818 1539 erant
842 1490 1095 1540 absconditi
1121 1492 1247 1541 omni
1272 1494 1451 1541 actione
1472 1493 1641 1560 privati
1661 1494 1713 1554 2),
1739 1504 1785 1541 et
1808 1492 1960 1542 subito
1986 1512 2012 1541 e
2037 1510 2201 1541 somno

195 1572 374 1622 excitati
397 1591 524 1622 nunc
548 1572 859 1623 desideratum
885 1575 1163 1643 oxygonium
1187 1575 1273 1623 sibi
1298 1577 1537 1643 acquirere
1562 1577 1825 1626 studebant.

311 1657 570 1710 Branchiis
603 1658 649 1705 in
686 1657 782 1706 dies
812 1659 956 1726 magis
991 1659 1233 1726 magisque
1266 1677 1511 1726 corrugare
1543 1659 1649 1716 vidi,
1679 1659 1741 1708 ita
1773 1671 1826 1708 ut
1856 1659 2008 1709 trunci
2033 1656 2203 1707 solum·

193 1737 337 1787 modo
368 1751 460 1806 tres
483 1740 740 1790 brevissimi
773 1742 821 1790 in
857 1753 1060 1809 utroque
1084 1741 1239 1799 latere,
1272 1742 1490 1789 omnibus
1514 1743 1611 1790 sere
1635 1743 1827 1790 ramulis
1847 1741 2109 1789 lateralibus
2132 1759 2204 1788 re-

195 1822 375 1886 sorptis,
399 1821 572 1870 ultimis
597 1822 760 1870 diebus
783 1825 954 1871 mensis
971 1825 1099 1870 Junii
1125 1825 1458 1872 remansissent.
1523 1824 1625 1872 Tali
1652 1824 1699 1872 in
1726 1835 1846 1873 statu
1874 1843 1958 1890 per
1984 1834 2202 1874 aestatem

196 1913 243 1950 et
264 1901 469 1951 hiemem
492 1900 743 1966 viguerunt
764 1901 813 1949 in
837 1921 1001 1950 museo
1025 1920 1147 1957 me0,
1180 1903 1293 1948 dum
1327 1899 1500 1970 cordyli
1524 1902 1571 1950 in
1598 1903 1727 1952 sonte
1751 1905 1894 1954 relicti
1920 1906 2060 1954 alium
2084 1906 2203 1955 vitae

195 2003 342 2050 genus
366 1981 693 2049 sequebantur.

332 2069 469 2114 Sexto
506 2066 629 2113 enim
663 2064 738 2114 die
770 2066 940 2115 mensis
963 2066 1160 2132 Augusti
1196 2066 1375 2115 fontem
1408 2067 1690 2117 nominatam
1723 2066 1812 2117 adii
1845 2080 1891 2118 et
1914 2068 2130 2134 cordylos
2153 2070 2201 2121 in

199 2147 536 2196 eorhabitantes
571 2147 663 2196 vidi
695 2149 974 2204 immutatos,
1009 2148 1094 2197 nisi
1128 2149 1495 2216 magnitudinem
1528 2152 1734 2218 'corporis
1767 2151 2006 2201 adauctam
2038 2153 2204 2219 (longi-

197 2230 406 2279 tudinem
430 2230 651 2297 pollicum
677 2230 902 2293 duorum)
923 2232 1018 2280 huc
1042 2252 1272 2281 numeres.
1337 2238 1431 2282 Per
1454 2234 1785 2283 nonnullorum
1811 2247 1965 2284 cutem
1988 2236 2081 2300 jam
2105 2256 2205 2284 ves-

197 2313 306 2381 tigia
339 2313 627 2362 macularum
661 2315 896 2372 ssavarum,
931 2316 1101 2382 quibus
1135 2315 1432 2365 Salamandra
1465 2327 1570 2365 terr.
1616 2317 1771 2365 adulta
1811 2330 1904 2366 tam
1941 2319 2104 2367 eximie
2136 2330 2204 2366 est

201 2407 372 2453 ornata,
396 2396 681 2463 pellucentes
705 2397 810 2448 vidi.
857 2401 999 2449 Nunc
1022 2399 1230 2448 animum
1254 2398 1427 2448 attendi
1452 2399 1508 2448 ad
1529 2398 1825 2468 cordylorum
1849 2412 2016 2458 motus,
2042 2421 2204 2450 omnes

201 2478 299 2526 sere
324 2479 455 2527 otiosi
474 2481 527 2531 in
551 2481 691 2530 sontis
716 2481 865 2530 sundo
892 2483 1202 2550 quiescebant,
1225 2494 1276 2531 ut
1300 2481 1391 2545 jam
1415 2483 1544 2547 prius
1569 2483 1819 2541 observavi,
1852 2484 1937 2533 illis
1961 2484 2072 2533 locis
2096 2504 2203 2552 pro-

199 2560 321 2617 ximi,
355 2560 436 2609 ubi
467 2581 492 2610 e
527 2565 640 2612 saxis
672 2585 794 2633 aqua
826 2565 1173 2633 prorumpebat,
1208 2577 1260 2614 ut
1294 2566 1490 2615 maxime
1523 2578 1761 2616 recreante
1792 2568 1932 2616 fontis
1957 2580 2085 2636 parte
2110 2569 2201 2617 frui

201 2654 401 2710 possent,
425 2644 506 2692 sed
530 2646 658 2694 nullo
682 2659 893 2715 tempore
917 2649 1039 2698 ullus
1064 2648 1269 2697 ascendit
1293 2661 1338 2697 et
1362 2654 1515 2698 aerem
1541 2669 1624 2698 ore
1647 2669 1732 2699 suo
1756 2651 1921 2699 hausit.

335 2730 490 2790 Quam
516 2728 881 2780 observationem
916 2752 992 2781 me
1016 2752 1111 2781 non
1145 2732 1289 2781 semel.
1312 2733 1485 2789 fecisse,
1510 2732 1661 2799 palam
1686 2734 1932 2800 profiteor;
1967 2751 2089 2782 nova
2121 2730 2204 2780 do·

204 2821 401 2859 cuerunt
425 2811 645 2879 exempla,
677 2832 775 2861 rem
800 2834 875 2863 me
898 2834 995 2864 non
1020 2815 1257 2864 fefellisse:
1293 2815 1467 2884 cordyli
1502 2816 1626 2865 enim
1650 2816 1768 2866 fonti
1793 2817 1938 2884 erepti
1964 2834 2105 2882 quam
2129 2834 2202 2864 ce-

311 2986 347 3035 1)
375 2985 556 3026 Attamen
583 2988 624 3028 in
652 2989 711 3028 his
739 2991 883 3030 truncis
912 2990 1201 3030 circulationem
1227 2991 1423 3046 sanguinis
1453 2993 1570 3032 oculo
1598 3001 1747 3033 armato
1771 2992 1974 3030 admiratus
1999 3005 2099 3032 sum.

308 3065 347 3119 2)
377 3067 585 3108 Pulmones
616 3069 657 3109 in
689 3072 849 3125 cordylis
881 3073 941 3113 vix
972 3072 1070 3111 natis
1099 3073 1345 3125 reperiuntur
1366 3074 1584 3113 tenerrimis
1612 3081 1650 3113 et
1681 3072 1806 3115 vacuis
1834 3073 1990 3113 saeculis
2020 3072 2179 3114 similes.
