2401 3380
1037 204 1353 247 -21-

188 334 427 385 minalium
452 332 604 383 radice
629 331 920 399 proveniunt,
951 330 1106 384 multis
1129 329 1502 396 inscriptionibus
1527 330 1751 379 tendineis
1775 330 1941 379 muniti
1967 329 2022 379 ad
2049 344 2195 381 recto-

188 438 293 468 rum
317 418 575 484 marginem
599 427 797 481 externa
808 413 975 462 decuti
977 425 1103 462 entes
1129 433 1179 462 os
1202 412 1404 504 linguale
1429 412 1669 478 attingunt.
1739 414 1826 462 Hic
1860 433 1944 479 per
1968 415 2194 464 {oramina

185 501 464 550 acuminato·
469 492 667 570 elliptica
695 497 733 559 ¹)
758 476 946 559 (les)
969 507 1208 543 transeunt
1233 506 1278 542 et
1302 496 1348 543 in
1373 494 1578 561 linguam
1604 515 1651 543 se
1677 495 1936 543 demittunt
1991 500 2195 546 Ramum

183 594 372 631 tenuem
398 581 706 629 muscularem
735 579 791 628 ad
817 578 1040 644 angulum
1058 578 1169 626 ossis
1191 577 1456 640 thyreo'l'dei
1476 577 1691 626 emittunt
1709 578 1762 639 2),
1787 578 1861 625 cui
1882 598 2053 626 nomen
2073 599 2196 628 mus-

183 665 275 714 culi
299 660 790 726 hebosteothyreoi'dei
814 661 1030 709 tribuam.
1085 660 1410 708 Contractione
1435 660 1633 708 musculi
1658 661 2023 727 hebosteoglossi
2049 673 2094 709 et
2119 682 2195 710 eo-

181 767 286 796 rnm
318 748 554 811 adjutores
585 745 791 811 linguam
825 754 1048 791 exsertam
1081 753 1221 809 atque
1255 762 1305 790 os
1340 742 1666 810 thyreoi'deum
1699 763 1805 791 cum
1832 744 2098 810 oesophago
2124 764 2194 793 re-

179 831 380 897 trahunt.
432 827 585 887 Facile
609 826 965 895 intelligendum
990 836 1069 883 est,
1092 825 1231 872 talem
1255 825 1575 875 musculorum
1601 825 1949 892 dispositionem
1974 845 2190 893 magnam

178 914 271 962 vim
298 923 342 971 et
365 911 532 974 multas
556 910 795 966 varietates
819 910 866 957 in
891 909 1068 957 rat-ione
1093 907 1319 974 fungendi
1345 909 1634 974 permittere3
1658 908 1855 957 musculi
1880 908 1969 955 ossi
1988 908 2190 975 thyrco'l'-

179 994 269 1043 deo
294 995 442 1061 affixi,
467 993 615 1041 motui
640 991 751 1040 ossis
774 990 984 1057 lingualis
1009 990 1287 1046 inserviunt,
1318 999 1364 1036 et
1388 1008 1438 1036 os
1462 989 1791 1057 thyreo‘ideum
1814 1009 1920 1038 cum
1945 990 2191 1058 pharynge

177 1078 389 1143 rimaque
415 1074 616 1143 glottidis
639 1075 892 1124 introrsum
917 1083 963 1120 et
986 1083 1240 1121 retrorsum
1264 1071 1447 1120 trahere
1479 1084 1693 1139 possunt,
1729 1073 1901 1140 quibus
1934 1072 2190 1121 actionibus

177 1159 308 1210 cibus
332 1158 586 1226 deglutitur
609 1162 782 1225 ae'rque
806 1155 1032 1205 hauritur.

239 1286 262 1313 ’,μ
484 1286 487 1290 ,
627 1293 630 1301 2
1096 1238 1136 1301 ἓ.
1186 1244 1264 1286 23.

200 1384 203 1386 ,
233 1375 237 1377 ,
310 1306 504 1391 Eodem
514 1324 612 1372 fere
637 1322 959 1373 musculorum
984 1319 1147 1370 ordine
1171 1318 1345 1390 cord)l1
1363 1319 1580 1389 gaudent,
1603 1320 1684 1372 sed
1709 1340 1840 1371 arcus
1858 1320 2187 1370 branchiarum

174 1407 481 1456 mutationem
507 1407 742 1473 quandam
769 1405 999 1454 afferunt:
1036 1404 1096 1453 ob
1122 1404 1411 1453 teneritatem
1435 1406 1769 1455 nonnullorum
1793 1404 2150 1454 musculorum
2137 1425 2185 1453 m

175 1491 486 1557 suspicionem
512 1509 591 1538 eos
615 1487 827 1538 nondum
852 1507 987 1556 agere
1012 1485 1300 1544 inducimur,
1334 1486 1408 1536 alii
1445 1499 1625 1546 carent,
1659 1499 1705 1536 et
1727 1487 1802 1536 alii
1827 1488 1962 1535 aliam
1986 1488 2185 1535 formam

175 1586 220 1623 et
244 1574 383 1640 situm
416 1572 609 1638 habent,
643 1591 784 1639 quam
811 1572 859 1620 in
883 1569 1180 1621 Salamandra
1205 1568 1372 1619 adulta.
1442 1571 1648 1620 Musculi
1672 1569 2104 1639 geniothyreoi'dei
2092 1590 2183 1634 jam

173 1637 367 1722 perfecti
400 1632 569 1704 adsunt
602 1653 1069 1723 ³).Geniohyo'1'dei
1102 1653 1240 1701 antici
1275 1654 1510 1702 tenerrimi
1543 1654 1864 1713 inveniuntur,
1897 1653 2186 1719 genioglossi‚

171 1737 498 1807 geniohyoidei
522 1739 685 1806 postici
710 1738 929 1806 distingui
955 1756 1048 1788 non
1075 1748 1292 1803 possunt,
1325 1735 1405 1784 sed
1430 1737 1663 1785 musculos
1687 1735 1963 1784 abductores
1989 1753 2180 1783 arcuum

170 1820 507 1871 branchialium
530 1821 694 1885 longos
722 1821 762 1879 ⁴)
787 1833 947 1885 postea
970 1820 1018 1864 in
1042 1819 1144 1863 illos
1175 1818 1377 1885 genioh)
1368 1816 1541 1866 o‘l‘deos
1573 1818 1773 1884 posticos
1804 1818 1994 1873 mutari,
2030 1816 2181 1865 credo.

171 1895 410 1955 Musculos
435 1897 765 1964 ceratoglossos
790 1899 838 1944 in
864 1880 1198 1949 abductoribus
1218 1911 1410 1942 arcuum
1428 1896 1756 1943 branchiarum
1774 1898 1991 1945 brevibus
2013 1900 2051 1959 ⁵)
2076 1918 2182 1965 cog·

170 1982 416 2031 noscimus.
484 1979 712 2045 Reliquos
752 1977 988 2025 musculos
1022 1974 1306 2044 profundius
1345 1976 1547 2040 jacentes
1589 1976 1822 2044 pellucere
1855 1978 2046 2044 quidem
2071 1982 2179 2040 vidi,

172 2064 252 2113 sed
272 2063 486 2112 teneritas
511 2080 676 2110 eorum
699 2079 775 2108 me
799 2058 1053 2127 impedivit,
1081 2059 1334 2126 quominus
1360 2058 1624 2126 diligentius
1649 2058 1896 2109 decursum
1923 2081 2087 2112 eorum
2110 2064 2178 2112 in-

174 2147 451 2219 dagaverim.

289 2224 462 2287 Patet,
494 2227 720 2276 rationem
757 2245 808 2275 os
831 2223 1332 2294 hyo'l'deummovendi
1355 2224 1491 2275 aliam
1527 2225 1706 2293 esselin
1739 2225 1935 2296 cordylis
1961 2248 2103 2296 quam
2126 2231 2174 2279 in

172 2312 479 2367 Salamandris
504 2310 681 2360 adultis.
740 2309 922 2377 Lingua
954 2307 1250 2377 cordylorum
1281 2308 1418 2356 etiam
1447 2307 1717 2372 brevissima
1749 2321 1795 2357 et
1823 2310 2072 2360 immobilis
2098 2326 2177 2370 est,

172 2397 314 2444 instar
334 2396 521 2463 linguae
545 2393 724 2449 Protei,
749 2393 937 2443 Sirenae
961 2391 1239 2459 pisciformis
1272 2403 1318 2440 et
1348 2391 1596 2440 lacertinae
1623 2391 1681 2452 ⁶),
1730 2391 1858 2458 quod
1892 2413 1986 2442 non
2020 2395 2175 2453 miror,

174 2478 284 2545 quia
318 2477 404 2525 illis
438 2477 710 2527 animalibus
746 2476 832 2526 sub
867 2494 986 2543 aqua
1020 2474 1241 2541 praedam
1277 2474 1601 2542 arripientibus
1633 2474 1791 2542 lingua
1822 2476 1996 2527 viscosa
2028 2478 2173 2542 ejecta

172 2559 287 2610 nihil
312 2560 540 2628 proficere
565 2571 726 2628 potest.

205 2719 210 2724 ⁷
282 2726 318 2778 ¹)
349 2724 453 2765 Fun&
482 2724 507 2765 1.
540 2737 571 2763 c.
602 2736 690 2778 pag.
721 2724 783 2763 12.
815 2721 852 2777 ξ.
883 2723 945 2762 16.
1147 2722 1183 2773 2)
1214 2721 1303 2776 Fig.
1337 2720 1400 2762 14.
1431 2736 1470 2763 n.

280 2802 319 2852 3)
349 2799 441 2855 Fig.
474 2799 512 2840 5.
542 2800 578 2838 k.
778 2797 817 2849 4)
845 2797 935 2852 Fig.
963 2796 1002 2837 5.
1029 2795 1055 2837 f.
1258 2796 1295 2849 ⁵)
1323 2795 1411 2852 Fig.
1439 2797 1478 2838 5.
1505 2811 1542 2851 g.

282 2876 320 2927 ⁶)
351 2877 485 2916 Cuuier
516 2875 556 2914 in
584 2875 790 2914 Humboldt
819 2872 1081 2912 observations
1110 2872 1157 2912 de
1184 2872 1375 2927 ZoologIe
1406 2887 1443 2925 p.
1475 2872 1565 2913 120.
1596 2871 1685 2912 115.
1719 2871 1806 2912 107.
