2401 3380
1088 201 1372 249 ..5-

222 326 535 390 masto'ideus)
553 327 592 390 ¹)
626 327 772 376 oritur
796 343 820 376 e
845 327 1033 395 regione
1057 347 1299 396 processus
1320 329 1566 379 masto'idei
1590 331 1781 395 (Funk)
1806 344 1851 382 et
1882 334 1966 383 fini
2000 337 2227 403 superiori

219 433 415 464 arcuum
437 413 578 460 trium
601 412 810 478 priorum
842 411 1060 479 infigitur.
1104 418 1107 421 ’
1128 416 1279 477 Arcus
1300 425 1505 481 ,quartus
1539 425 1644 463 cute
1679 416 1889 466 obtectus
1924 417 1982 467 ad
2005 418 2124 469 l=atu=s
2148 421 2233 469 im·

219 496 403 547 mobilis
439 506 517 543 est.
1432 500 1435 504 ’

313 630 317 634 ,
353 579 406 641 3)
428 577 670 628 Abductor
693 596 888 626 arcuum
911 576 1239 627 branchiarum
1271 577 1438 645 longus
1459 578 1500 641 ²)
1533 579 1758 646 originem
1795 581 1917 648 capit
1947 601 1973 631 a
2008 597 2136 651 parte
2161 587 2229 635 in·

220 663 389 711 seriore
424 677 570 709 cornu
595 659 782 723 majoris
816 659 927 708 ossis
952 659 1146 729 hyo'idei
1181 673 1321 729 atque
1347 661 1405 711 ad
1436 663 1580 712 finem
1615 664 1903 731 superiorem
1927 684 2063 716 arcus
2089 668 2227 735 primi

217 743 431 795 ascendit.

312 871 314 873 .
352 823 680 889 4)>Abductor
712 844 905 874 arcuum
937 825 1265 880 branchiarum
1296 828 1452 879 brevis*
1469 828 1509 890 ³)
1549 828 1847 897 progreditur
1889 850 1914 880 e
1946 834 2077 898 Parte
2110 832 2228 880 infe-

214 912 336 960 riore
359 928 507 960 cornu
539 909 730 956 minoris
768 920 814 957 et
849 909 1132 968 columellae,
1167 912 1224 960 ad
1248 910 1546 960 tuberculum
1580 930 1710 960 arcus
1743 913 1881 978 primi
1912 913 2073 963 tendit.
2132 915 2227 963 Ab-

215 994 429 1043 ductores
454 1003 547 1038 tres
571 1009 697 1039 nunc
730 989 946 1056 descripti
981 992 1226 1040 simulcum
1252 993 1603 1048 contrahuntur,
1637 1001 1770 1041 arcus
1802 995 1981 1060 priores
2014 995 2072 1044 de
2105 996 2224 1044 collo

213 1075 475 1132 detrahunt,
501 1072 629 1140 quod
655 1072 870 1123 facillime
896 1093 948 1122 ex
975 1093 1138 1123 eorum
1164 1074 1252 1123 situ
1287 1085 1332 1123 et
1356 1073 1555 1123 decursu
1579 1074 1771 1142 intelligi
1796 1088 1959 1144 potest.

1150 1159 1189 1220 ἓ.
1238 1161 1282 1207 6.

345 1238 583 1307 Spiracula
606 1238 681 1287 illa
707 1238 910 1305 primum
946 1237 1203 1306 adspiciens
1228 1241 1450 1307 obstupui
1475 1239 1534 1289 de
1558 1241 1797 1300 similitate‚
1835 1260 1956 1309 quae
1979 1242 2100 1290 inter
2123 1262 2222 1291 cor-

211 1323 340 1393 dylos
366 1334 410 1372 et
435 1323 580 1388 pisces
606 1341 761 1370 osseos
785 1320 1039 1369 intercedit.
1108 1322 1270 1385 Qualis
1294 1343 1405 1372 vero
1441 1343 1551 1372 usus
1576 1325 1813 1391 spiraculis
1846 1325 2141 1394 cordylorum
2165 1327 2222 1374 sit

207 1403 498 1461 tribuendus,
530 1423 616 1470 per
638 1405 832 1471 longum
856 1416 1041 1471 tempus
1066 1406 1274 1454 animum
1299 1426 1458 1454 meum
1484 1408 1753 1474 occupavit;
1795 1427 1922 1456 nunc
1954 1407 2105 1467 credo,
2130 1409 2220 1475 spi-

208 1487 433 1536 raculaet
457 1498 731 1553 apparatum
755 1487 1088 1545 musculorum,
1122 1488 1181 1538 ad
1213 1489 1288 1538 illa
1325 1489 1581 1539 claudenda
1607 1502 1746 1557 atque
1779 1489 2043 1557 aperienda,
2077 1490 2220 1557 pluri-

207 1569 300 1619 bus
321 1568 604 1636 res-pondere
635 1569 904 1619 commodis.

342 1653 578 1702 Mobilitas
610 1674 801 1703 arcuum
827 1673 1130 1721 permagnam
1165 1654 1371 1704 faucium
1397 1655 1710 1705 dilatationem
1735 1657 1969 1723 permittit,
2002 1675 2094 1723 qua
2119 1674 2219 1704 cor-

207 1735 306 1800 dyli
338 1736 533 1785 maxima
566 1738 778 1786 ciborum
823 1738 968 1786 frusta
1005 1737 1226 1787 devorare
1259 1750 1468 1803 possunt.
1537 1740 1816 1788 Inhauriunt
1855 1739 2003 1788 undas
2046 1757 2215 1805 magno

204 1819 386 1884 impetu
411 1831 456 1866 et
489 1821 552 1868 sic
585 1821 806 1885 praedam
838 1822 892 1867 iis
916 1822 1154 1868 innantem
1189 1822 1286 1869 sine
1318 1821 1476 1869 labore
1501 1821 1740 1887 arripiunt,
1771 1821 1990 1870 dentibus
2024 1821 2215 1870 concavi

203 1899 356 1949 lateris
381 1917 572 1946 arcuum
598 1897 966 1964 prohibentibus,
990 1919 1049 1946 ne
1075 1902 1246 1964 praeda
1272 1898 1501 1964 prehensa
1526 1899 1764 1965 spiraculis
1789 1902 1996 1951 elabatur
2014 1904 2068 1964 ⁴).
2116 1904 2215 1951 Pis-

204 1983 267 2032 c-is
292 1980 511 2048 opercula
536 2000 618 2029 sua
643 1980 863 2028 continue
888 1978 1059 2028 claudit
1083 1991 1127 2028 et
1152 1981 1310 2046 aperit,
1337 1992 1388 2028 ut
1412 2000 1596 2047 semper
1619 2001 1760 2032 novas
1785 2002 1935 2049 aquae
1958 1984 2107 2033 undas
2132 2004 2213 2033 ore

202 2064 439 2113 inhaustas
471 2064 705 2113 branchiis
738 2064 979 2112 subvehat.
1049 2062 1277 2131 Cordylus
1307 2063 1711 2113 Salamandrarum
1745 2065 1940 2114 eandem
1972 2068 2214 2116 necessita-

204 2161 298 2196 tem
323 2146 572 2215 desidergn
600 2165 769 2212 aquam
792 2145 1024 2194 branchiis
1048 2145 1500 2195 circumfundentem
1525 2160 1758 2214 perpetuo
1781 2148 2047 2206 renovandi,
2081 2148 2210 2215 quod

204 2229 378 2296 duplici
402 2229 544 2277 modo
569 2230 794 2296 perficere
818 2239 1025 2294 possunt.
1082 2236 1249 2296 Aquae
1274 2230 1398 2278 enim
1422 2230 1592 2289 locum,
1616 2231 1690 2279 cui
1714 2251 1792 2298 gas
1817 2232 2093 2300 oxygenium
2117 2231 2210 2295 jam

203 2312 519 2369 detrahebant,
564 2323 642 2361 aut
674 2323 856 2361 mutant
879 2311 1119 2379 ⁸aliamque
1160 2300 1394 2361 undarum
1429 2314 1667 2380 regionem
1699 2326 1877 2381 petunt,
1918 2314 2091 2381 pabulo
2123 2314 2210 2361 isto

312 2481 348 2533 ¹)
376 2484 462 2537 Fig.
498 2483 536 2526 6.
565 2499 599 2525 a.

311 2567 348 2618 2)
377 2568 465 2622 Fig.
496 2570 534 2610 5.
564 2569 608 2619 f.‚
640 2570 728 2625 Fig.
760 2570 824 2611 17.
855 2568 889 2619 i.,
918 2569 1005 2624 Fig.
1033 2567 1071 2610 6.
1101 2569 1137 2610 d.

309 2653 346 2703 3)
377 2653 461 2707 Fig.
490 2654 528 2694 5.
557 2669 607 2707 g.‚
638 2656 725 2710 Fig.
754 2657 816 2696 17.
847 2656 884 2696 b.
917 2657 1055 2696 Cuvier
1081 2655 1246 2695 eundem
1266 2663 1543 2695 commemorat
1562 2656 1601 2694 in
1619 2656 1765 2695 Proteo
1782 2657 1990 2697 Mexicano.
2020 2657 2204 2706 Vid.ejus
2265 2650 2270 2653 ¹

202 2718 353 2758 Vorles.
374 2717 469 2756 iiber
485 2718 690 2770 vergleich.
707 2721 819 2759 Anat.
851 2720 933 2760 Lib.
955 2722 1019 2761 lv,
1040 2734 1125 2774 pag.
1141 2721 1231 2759 229.
1263 2728 1300 2758 et
1316 2721 1523 2759 llumboldt
1544 2720 1602 2759 in:
1634 2720 1910 2761 Observations
1933 2722 1979 2760 de
1997 2721 2202 2773 Zoologie.

203 2781 299 2820 Tab.
327 2782 410 2820 Xll.
440 2782 523 2835 Fig.
553 2781 590 2821 4.
628 2783 703 2822 No.
731 2784 769 2822 3.
808 2799 894 2838 pag.
928 2783 1018 2824 115.
1054 2799 1144 2832 „un
1174 2784 1270 2836 petit
1307 2784 1451 2823 muscle
1488 2785 1558 2823 fixe
1597 2785 1687 2823 d'un
1725 2788 1811 2824 cote
1841 2788 1861 2824 a
1892 2784 2115 2824 l'extre'mite
2146 2785 2205 2822 in-

202 2845 369 2884 ser-iente
402 2846 467 2885 des
493 2846 677 2885 branches
705 2847 863 2899 hyo‘i'des
891 2856 929 2887 et
959 2847 1023 2900 qui
1050 2863 1090 2887 se
1109 2857 1220 2901 porte
1251 2862 1299 2886 en
1331 2848 1473 2887 arriere
1501 2850 1638 2900 jusque
1666 2863 1756 2887 sous
1786 2849 1821 2889 le
1850 2849 2017 2903 premier
2045 2863 2108 2888 arc
2138 2847 2204 2889 des

202 2909 414 2959 mandates,
443 2910 585 2961 auquel
617 2910 643 2948 il
673 2912 848 2950 s'attache
880 2911 1054 2951 vis-a-vis
1084 2914 1131 2957 de
1163 2913 1197 2952 la
1225 2912 1420 2964 languette
1449 2913 1499 2952 du
1528 2914 1772 2966 precedent.''

308 2991 346 3044 ¹4)
374 2995 632 3034 Nihilominus
658 2996 851 3050 cordylum
883 2996 1086 3049 aliquando
1123 2998 1188 3037 tali
1220 2997 1426 3038 voracitate
1455 2998 1684 3038 lumbricum
1713 2999 1792 3039 vidi
1820 2998 2032 3052 deglutire,
2070 3007 2112 3040 ut
2138 2997 2204 3038 hic

202 3073 272 3111 per
302 3059 531 3111 spiraculum
566 3061 756 3112 quoddam
787 3070 986 3114 protrusus
1017 3061 1076 3101 sit.
