2401 3380
1042 209 1327 250 ..2-

323 338 405 388 Illa
436 335 551 385 cutis
585 346 712 402 pars,
743 344 867 402 qliae
896 332 1127 401 pellucide
1162 333 1454 400 superficiem
1489 332 1703 383 maxillae*
1718 334 1947 383 inferioris
1972 335 2113 385 ambit
2141 336 2192 399 l),

193 439 425 487 nusquam
448 438 620 467 nexum
643 418 784 467 habet
808 437 915 466 cum
938 416 1281 480 subjacentibus
1305 417 1525 465 musculis
1558 417 1643 464 nisi
1675 418 1722 466 in
1756 419 1962 486 margine
1985 420 2192 485 maxillae

193 503 437 558 inferioris,
461 502 521 550 ita
547 512 611 558 ut,
635 500 830 568 cordylis
854 499 941 548 sub
966 519 1086 566 aqua
1111 500 1411 558 morantibus,
1437 499 1495 548 de
1521 499 1638 547 collo
1664 498 1798 548 distet
1821 502 1861 562 2)
1886 513 1931 550 et
1956 522 2102 568 aquae
2126 503 2195 550 in-

193 584 468 636 tercurrenti
503 583 721 650 praebeat
752 582 933 640 locum3
969 580 1049 630 sed
1082 582 1128 629 in
1155 582 1342 651 cordylo
1366 602 1509 631 manu
1535 602 1588 630 ex
1613 601 1733 648 aqua
1757 584 1987 648 prehenso
2014 585 2197 633 difficil-

194 669 302 718 lime
327 669 401 716 illa
424 668 588 715 fissura
613 664 828 732 cognosci
853 675 1017 731 potest,
1042 661 1323 714 cuticulaad
1347 665 1518 714 collum
1543 684 1591 713 se
1615 664 1876 713 reclinante.
1930 666 1999 714 Illi
2022 668 2198 716 cuticu-

193 750 264 799 lae
290 750 430 799 debet
453 768 625 798 nomen
651 747 858 816 operculi
889 748 1187 806 branchialis,
1219 746 1364 815 quod·
1379 747 1473 811 jam
1491 747 1582 801 vviri
1605 747 1950 814 praeclarissimi
1976 749 2202 798 Ruscom‘

196 845 242 881 et
262 833 483 882 Brocchi
501 833 543 880 ei
568 831 891 896 adjudicarunt
916 831 968 891 ³).
1027 831 1249 897 Operculi
1283 848 1465 895 margo,
1499 829 1579 894 qui
1612 830 1760 895 vergit
1791 829 1848 877 ad
1873 829 2197 878 Salamandrae

197 933 365 981 corpus
390 915 436 961 in
462 913 664 976 cordylis
689 925 801 961 natu
825 912 1082 961 minoribus
1107 932 1239 961 arcus
1263 913 1461 979 figuram
1485 922 1730 968 monstrat,
1761 911 1823 960 ita
1853 924 1906 960 ut
1929 913 2042 960 rima
2067 931 2198 961 arcu-

195 1008 267 1045 ata
289 996 510 1063 appellari
534 995 678 1062 possit
703 995 765 1054 4);
799 994 1035 1060 paullatim
1060 1014 1172 1043 vero
1195 995 1285 1042 hac
1309 994 1460 1041 forma
1484 992 1641 1041 relicta
1668 995 1718 1054 ⁵),
1743 994 1857 1043 rima
1882 995 1929 1043 in
1947 995 2198 1060 majoribus

196 1078 478 1129 animalculis
502 1079 549 1125 in
575 1088 747 1125 rectam
770 1076 938 1125 lineam
963 1087 1183 1125 mutatur.

330 1160 427 1210 Sub
452 1161 544 1208 hoc
569 1158 791 1225 operculo
818 1159 869 1220 6),
894 1178 920 1205 a
944 1177 1154 1224 corpore,
1178 1167 1231 1205 ut
1255 1155 1595 1223 descripsimUS,
1619 1156 1851 1221 sejuncto,
1883 1157 2107 1226 spiracula
2131 1160 2201 1208 in·

199 1256 271 1294 ter
294 1262 428 1293 arcus
451 1240 741 1291 branchiales
766 1240 1080 1307 cartilagineos
1104 1240 1188 1288 sita
1213 1251 1342 1298 sunt3
1370 1238 1567 1288 naturali
1593 1251 1712 1288 statu
1737 1240 1794 1289 ab
1820 1243 2041 1308 operculo
2064 1243 2202 1291 bran-

202 1326 338 1376 chiali
371 1337 593 1393 teguntur
624 1335 672 1372 et
704 1344 757 1373 ea
788 1324 929 1373 incisa
963 1334 1008 1372 et
1040 1323 1205 1372 reflexa
1242 1323 1302 1371 ob
1338 1322 1497 1371 oculos
1530 1323 1723 1373 veniunt
1757 1324 1810 1386 ⁷).
1877 1325 2113 1392 Spiracula
2152 1326 2203 1374 in

199 1421 402 1476 utroque
425 1409 566 1456 latere
591 1419 793 1474 quatuor
816 1407 983 1461 adsunt
1008 1406 1069 1468 Β),
1105 1407 1276 1474 quibus
1308 1407 1465 1456 fauces
1498 1406 1819 1474 perforantur,
1851 1419 1896 1456 et
1920 1426 2040 1473 aqua
2064 1427 2145 1457 ore
2176 1427 2202 1456 a

200 1490 395 1561 cordylis
417 1491 633 1540 inhausta
655 1489 868 1558 protrudi
892 1501 1062 1558 potest.

790 1645 834 1687 2.
880 1653 938 1687 os
962 1641 1234 1688 nYo'iDEUM
1258 1653 1618 1695 CORDYLORUM.

1139 1739 1178 1801 g.
1226 1745 1270 1787 3.

337 1825 403 1870 Os
426 1819 685 1889 hyo‘ideum
704 1818 999 1888 cordylorum
1023 1821 1211 1880 (rectius
1229 1820 1443 1883 cartilago
1461 1819 1703 1882 hyo‘idea),
1738 1821 1812 1869 cui
1841 1840 1972 1869 arcus
1990 1819 2205 1869 branchi-

204 1901 295 1950 ales
331 1901 609 1968 cartilaginei
652 1910 760 1950 sunt
792 1898 981 1956 annexi,
1025 1898 1158 1947 valde
1195 1900 1423 1964 discrepat
1455 1897 1512 1946 ab
1547 1898 1714 1948 eodem
1747 1919 1848 1948 osse
1878 1899 2203 1950 Salamandrae

314 2052 349 2103 1>
381 2051 474 2106 Fig.
505 2051 544 2093 3.
573 2051 612 2091 b.
813 2050 851 2102 2>
879 2050 964 2104 rig.
995 2050 1030 2089 1.
1061 2057 1110 2091 et,
1126 2050 1165 2089 2.
1192 2047 1222 2075 *

260 2168 264 2172 ,
312 2126 348 2177 3)
380 2126 494 2181 Degli
525 2126 661 2180 organi
693 2125 792 2165 della
829 2125 1083 2164 circolazione
1119 2122 1219 2162 delle
1257 2122 1360 2164 larve
1401 2123 1499 2164 delle
1535 2123 1778 2164 Salamandre
1814 2125 2205 2177 aequatiche..Pavia

207 2190 324 2231 1817.
354 2190 421 2230 fol.
450 2189 541 2230 min.
571 2205 657 2244 pag.
686 2192 723 2230 9.
781 2190 870 2238 „Le
908 2197 992 2228 otto
1033 2195 1211 2241 aperture
1245 2187 1451 2225 branchiali
1486 2201 1584 2226 sono
1625 2197 1782 2241 coperte
1817 2188 2070 2229 interamente
2109 2190 2205 2228 dalla

206 2254 306 2306 pelle
339 2255 437 2293 della
467 2262 585 2302 testa,
619 2255 653 2293 la
684 2253 795 2305 quale
827 2268 939 2292 verso
970 2253 997 2291 it
1032 2251 1135 2291 collo
1171 2252 1203 2289 si
1232 2250 1377 2304 ripiega
1406 2252 1704 2301 internamente‚
1743 2268 1764 2293 e
1793 2253 2047 2308 ripiegandosi
2083 2253 2204 2291 forma

208 2332 281 2359 una
313 2319 416 2373 larga
447 2333 468 2358 e
498 2332 630 2372 grossa
656 2317 766 2367 faida,
795 2316 865 2356 che
896 2317 935 2354 in
966 2323 1099 2367 queste
1128 2315 1232 2356 larve
1260 2315 1294 2355 fa
1323 2315 1479 2356 l’uffizio
1508 2317 1547 2356 di
1575 2318 1782 2371 coperchio
1812 2317 2070 2357 branchiale.“

313 2392 351 2445 4)
380 2394 465 2449 Fig.
497 2396 536 2436 3.
565 2408 599 2435 a.
799 2391 835 2443 5)
865 2391 949 2446 Fig.
978 2389 1015 2431 4.
1045 2404 1077 2431 a.

314 2469 350 2520 ⁶)
381 2468 500 2517 Quod
548 2467 774 2521 operculum
823 2465 1038 2506 branchiale
1081 2465 1119 2504 in
1162 2465 1269 2504 nullo
1312 2465 1555 2520 cordylorum
1600 2467 1772 2506 Tritonis
1816 2475 1916 2508 statu
1957 2468 2204 2518 desideratur,

210 2547 436 2585 quamquam
463 2535 631 2573 Rusconi
656 2534 696 2572 in
722 2531 977 2581 celeberrimo
997 2530 1094 2568 libro
1126 2543 1216 2568 suo:
1250 2529 1417 2569 Amours
1435 2531 1500 2570 des
1521 2531 1780 2571 Salamandres
1798 2531 2021 2585 aquatiques
2053 2533 2200 2583 (Milan.

211 2597 327 2636 1821.
361 2594 464 2647 fol.)‚
492 2597 592 2635 illius
621 2596 686 2635 vix
716 2595 795 2634 ullo
825 2593 945 2634 verbo
980 2608 1172 2632 memores
1201 2607 1272 2632 nos
1302 2593 1414 2643 fecit3
1443 2595 1517 2645 jam
1554 2594 1594 2632 in
1634 2595 1793 2648 cordylis
1826 2596 2085 2637 recentissime
2123 2609 2200 2635 ovo

210 2660 344 2713 elapsis
374 2668 499 2699 cutem
531 2660 570 2697 in
600 2659 690 2698 colli
719 2660 879 2713 regione
909 2658 1091 2697 inferiore
1118 2658 1241 2696 fissam
1270 2658 1359 2706 vidi,
1388 2666 1427 2697 et
1445 2660 1612 2698 Ruscom·
1639 2659 1721 2711 ipse
1750 2660 1943 2714 cordylum
1972 2659 2116 2711 optime
2134 2659 2201 2698 de-

210 2724 330 2777 pinxit
357 2724 415 2773 (in
446 2724 510 2764 lib.
529 2724 591 2763 cit.
609 2722 683 2762 tab.
714 2724 779 2763 111.
811 2722 896 2776 Fig.
915 2721 950 2762 6.
982 2723 1033 2761 M.
1065 2725 1129 2773 a.‚)
1162 2723 1269 2773 cujus
1298 2722 1338 2760 in
1367 2722 1469 2761 collo
1502 2723 1670 2762 fissuram
1702 2724 1802 2762 illam
1824 2725 2047 2775 dignoscere
2076 2731 2200 2774 potes.

210 2789 381 2837 Axolotl,
408 2789 574 2829 Proteus
601 2788 837 2834 Mexicanus,
869 2786 1003 2824 eodem
1032 2786 1237 2825 instructus
1268 2793 1324 2824 est
1341 2786 1539 2837 operculo,
1567 2787 1670 2826 vide:
1699 2789 1904 2827 Humboldt
1932 2785 2198 2826 observations

214 2852 260 2890 de
285 2852 465 2906 zoologie
494 2854 532 2890 'et
571 2851 760 2890 anatomie
793 2850 1013 2901 comparee.
1045 2849 1151 2887 Paris
1183 2849 1298 2889 1811.
1339 2847 1409 2890 fol.
1445 2850 1520 2890 tab.
1555 2847 1636 2891 ΧΠ.
1675 2851 1759 2903 Fig.
1793 2850 1828 2889 1.
1868 2858 1906 2889 et
1933 2850 1970 2890 3.
2024 2851 2206 2892 Everard

216 2917 338 2955 Home
364 2930 412 2954 an
427 2923 589 2954 account
617 2913 666 2954 of
687 2914 751 2954 the
771 2927 910 2967 organs
928 2912 972 2951 of
985 2912 1210 2967 generation
1232 2912 1278 2952 of
1291 2912 1355 2952 the
1372 2915 1554 2955 Maxican
1567 2916 1743 2955 Proteus.
1769 2912 1957 2962 London,
1976 2912 2091 2956 1824.
2116 2909 2197 2958 4to.

216 2979 312 3019 Τὼ.
340 2980 367 3018 1.
397 2980 482 3033 rig.
512 2979 550 3020 1.
579 2987 618 3019 et
644 2980 683 3019 2.

317 3052 355 3103 ⁷>
382 3052 470 3108 rig.
498 3054 537 3094 5.
743 3051 782 3104 8)
811 3052 904 3093 lbid.
934 3062 966 3090 a.
996 3051 1035 3093 b.
1067 3064 1100 3093 e.
1132 3050 1157 3090 d
