2401 3380
1027 213 1315 260 ...6.-

175 343 294 393 vitae
318 340 650 392 abundantem:
687 350 766 389 aut
798 358 895 389 uno
919 336 1181 407 eodemque
1212 340 1316 391 loco
1349 352 1638 391 remanentes
1663 343 1976 394 cemmetione
1999 344 2172 395 solum-

169 425 316 476 -modo
340 444 533 474 arcuum
555 423 889 473 branchialium
922 442 1090 490 aquam
1115 424 1390 492 perturbant
1425 436 1470 472 et
1494 445 1659 475 novam
1694 427 1785 477 hoc
1807 439 1939 477 motu
1963 448 2173 484 recrean-

172 519 363 574 temque
387 527 536 575 aquae
560 507 741 574 copiam
765 506 850 554 sibi
874 506 1066 555 acciunt.
1134 506 1275 569 Quod
1302 506 1359 555 ad
1383 526 1520 556 usum
1545 507 1755 576 cordylos
1787 530 1890 558 raro
1915 512 2171 578 confugere

170 590 485 648 animadverti,
519 591 628 657 quia
659 590 777 648 fons,
809 589 857 638 in
894 609 988 656 qua
1022 608 1101 638 eos
1134 589 1396 647 observavi,
1428 590 1666 640 celerrime
1699 602 1744 639 et
1776 591 1872 640 sine
1904 613 2033 642 mora
2066 613 2173 661 pro-

171 673 321 723 fluens
345 692 529 740 semper
550 691 693 721 novas
718 671 898 721 advexit
920 670 1091 730 undas;
1125 672 1205 720 sed
1241 691 1297 721 eo
1332 673 1514 739 saepius
1538 673 1602 721 illi
1628 672 1802 741 cordyli
1827 674 2025 724 arcubus
2049 677 2174 725 com.-

172 754 413 808 movendis
445 755 517 804 usi
547 767 666 813 sunt,
700 775 818 822 quos
854 754 980 803 domi
1016 766 1221 822 portatos
1254 755 1440 804 vasibus
1475 756 1788 822 imposueram
1822 775 1944 823 aqua
1975 758 2174 824 repletiS,

171 838 268 887 imo
292 838 554 905 complures
578 838 790 906 cordylos
823 837 1086 903 saepissime
1120 837 1249 903 coe'gi
1281 837 1408 885 omni
1441 838 1663 904 temporis
1686 850 1926 888 momento
1961 838 2020 888 ad
2043 858 2175 889 arcus

171 920 458 969 branchiales
488 919 756 976 movendos,
791 939 898 967 cum
932 938 1011 968 eos
1043 919 1090 968 in
1125 931 1372 986 angustum
1413 920 1672 989 cylindrum
1704 922 1942 980 coarctavi,
1977 926 2178 990 perpau-

172 1021 275 1052 cam
297 1001 505 1069 liquoris
523 1002 707 1069 copiam
743 1002 1015 1068 capientem,
1048 1002 1110 1050 ita
1146 1013 1198 1050 ut
1220 1003 1371 1051 tenuis
1395 1004 1510 1052 ae‘ris
1536 1004 1775 1072 oxygenati
1799 1023 1904 1072 pars
1928 1023 2035 1054 mox
2060 1016 2176 1055 esset

171 1097 443 1135 consumta„

418 1240 460 1284 4.
529 1250 594 1283 DE
627 1250 679 1283 VI
715 1247 1063 1283 CORDYLORUM
1094 1247 1255 1283 REBUS
1287 1245 1527 1284 ADVERSIS
1563 1247 1618 1282 SE
1652 1245 1968 1285 ADAPTANDL

1108 1332 1146 1396 g.
1197 1335 1239 1384 7.

307 1421 413 1480 Qua
446 1415 700 1465 admirabili
734 1414 1058 1465 Salamandrae
1091 1427 1197 1465 terr.
1245 1416 1424 1481 cordyli
1463 1416 1507 1466 vi
1544 1414 1781 1483 quoddam
1823 1413 2176 1465 incommodum

174 1517 281 1546 casu
315 1500 519 1547 oblatum
556 1501 724 1547 evitare
762 1511 806 1546 et
833 1499 1114 1565 quibusdam
1151 1500 1492 1549 conditionibus
1526 1500 1718 1548 insolitis
1751 1518 1799 1548 se
1827 1496 2178 1548 accommodare

174 1582 362 1648 possint,
387 1593 632 1649 sequentes
658 1582 776 1630 duae
803 1583 1145 1631 observationes
1170 1601 1195 1631 a
1219 1603 1293 1631 me
1319 1584 1464 1632 factae
1489 1594 1677 1633 narratu
1701 1581 1867 1651 dignae
1887 1580 2143 1632 ostendent.
2171 1621 2174 1624 .

720 1722 1289 1781 oBSERVATlo
1329 1724 1634 1784 PRIMA.

303 1816 581 1863 Pulmones
610 1816 927 1881 cordylorum
950 1816 1209 1881 improviso
1235 1818 1356 1864 vices
1380 1817 1737 1867 branchiarum
1759 1818 2043 1882 suscipiunt.

307 1913 396 1960 Die
419 1910 668 1960 undecimo
687 1910 863 1958 Mensis
881 1909 1009 1957 Junii
1035 1909 1142 1957 anni
1166 1913 1547 1959 MDCCCXXVI.
1567 1911 1723 1976 plures
1749 1910 1960 1979 cordylos
1985 1912 2179 1977 (magni-

176 1995 336 2046 tudine
363 1993 538 2061 pollicis
558 2004 602 2040 et
626 1993 780 2053 semis)
803 1993 840 2052 ¹)
882 2012 906 2040 e
940 1992 1068 2040 sonte
1092 1991 1412 2058 limpidissimo
1445 1992 1647 2060 regionis
1670 1993 1983 2060 Gottingensis
2008 1994 2108 2060 cepi
2135 2005 2179 2042 et

173 2081 220 2128 in
246 2097 350 2127 vase
385 2095 505 2142 aqua
537 2076 726 2123 fontana
762 2075 939 2141 repleto
975 2074 1168 2123 domurn
1202 2075 1300 2124 tuli.
1368 2080 1576 2124 Domum
1611 2096 1822 2125 reversus
1846 2076 2079 2143 obstupui,
2115 2076 2179 2125 vi-

177 2162 303 2217 dens,
337 2158 553 2222 cordylos
585 2159 820 2206 branchiis
851 2156 1228 2224 splendidissimis
1259 2170 1499 2208 exornatos
1533 2159 1664 2208 certis
1697 2159 1851 2226 spatiis
1876 2170 2016 2226 caput
2040 2179 2177 2208 suum

178 2265 232 2293 ex
257 2263 377 2310 aqua
403 2261 638 2308 emergere
664 2253 709 2290 et
734 2246 886 2289 ae'rem
910 2240 1108 2299 haurire,
1132 2241 1222 2289 ritu
1241 2242 1489 2291 Tritonum
1508 2242 1786 2299 adultorum,
1813 2262 1904 2309 qua
1927 2243 1975 2291 in
2001 2242 2178 2290 actio-ne

178 2329 232 2377 iis
258 2326 508 2376 commotio
542 2345 734 2374 arcuum
766 2323 1100 2373 branchialium
1133 2344 1303 2391 magno
1329 2324 1598 2390 adjumento
1624 2337 1730 2374 erat.
1800 2330 1932 2388 Quos
1956 2323 2179 2392 cordylos,

180 2410 293 2459 dum
327 2409 375 2457 in
412 2410 541 2456 fonte
574 2408 854 2465 habitabant,
886 2407 1022 2455 talem
1054 2407 1310 2474 respirandi
1343 2409 1568 2456 rationem
1594 2427 1803 2456 exercere
1829 2426 2071 2474 nunquam
2098 2407 2178 2454 ob-

182 2492 368 2541 servavi.
438 2491 554 2552 Quis
582 2490 720 2538 fuerit
744 2489 967 2545 stimulus,
993 2490 1073 2555 qui
1098 2489 1308 2558 cordylos
1332 2491 1579 2557 impulerit,
1603 2502 1654 2539 ut
1678 2490 1955 2557 pulmonum
1981 2489 2177 2538 functio-

179 2594 289 2623 nem
314 2585 407 2621 tam
431 2573 585 2622 subito
612 2573 871 2627 excitarent,
895 2583 1008 2620 tunc
1032 2574 1252 2638 temporis
1277 2577 1527 2622 momento
1547 2574 1618 2621 vix
1644 2574 1867 2640 explicare
1892 2573 2005 2621 mihi
2022 2572 2173 2639 potui.

178 2661 337 2706 Davus
362 2656 444 2714 sui,
466 2660 561 2704 nen
588 2655 810 2722 Oedipus.
872 2653 960 2703 Sed
987 2667 1091 2722 post
1115 2655 1253 2704 breve
1277 2668 1461 2722 tempus
1486 2657 1576 2703 hoc
1601 2657 1807 2723 aenigma
1833 2657 2007 2705 solvere
2032 2654 2172 2720 potui.

180 2743 304 2790 Nam
329 2751 514 2807 postero
549 2738 622 2787 die
647 2738 892 2786 branchiae
927 2757 1090 2786 eorum
1124 2758 1218 2786 non
1253 2739 1447 2805 amplius
1480 2743 1804 2806 turgescebant
1827 2738 1902 2785 tali
1927 2736 2174 2802 magnifico
2210 2732 2213 2735 ’

185 2823 442 2888 splendore,
475 2821 599 2889 quali
632 2822 678 2870 in
705 2821 832 2870 sonte
859 2821 1183 2878 excelluerunt,
1220 2833 1262 2869 et
1294 2822 1428 2869 tertio
1461 2821 1534 2870 die
1560 2822 1675 2871 adeo
1700 2833 1826 2870 erant
1851 2819 2089 2887 collapsae,
2125 2831 2175 2867 ut

293 3010 328 3057 ²)
361 3010 477 3048 Nullo
507 3010 580 3048 alio
611 3010 775 3063 vestigio
806 3010 1039 3063 distinguere
1070 3010 1179 3062 potui
1209 3024 1273 3048 cos
1307 3023 1326 3048 a
1355 3010 1514 3062 cordylis
1551 3010 1612 3048 vix
1644 3007 1739 3045 natis
1767 3008 1839 3046 nisi
1871 3008 2005 3058 majori
2037 3016 2173 3046 statura

187 3081 226 3110 et,
255 3073 534 3124 pulchrioribus
566 3074 766 3115 branchiis.
796 3075 882 3113 Vid.
915 3073 1003 3128 Fig.
1036 3076 1070 3113 1.
1113 3082 1149 3113 et
1180 3075 1283 3113 Funls
1310 3074 1349 3112 in
1375 3075 1481 3115 Libr.
1518 3074 1579 3112 cit.
1614 3072 1709 3110 Tab.
1739 3072 1801 3111 ΙΙΙ.
1831 3073 1915 3127 fig.
1945 3074 2007 3112 28.
2037 3087 2067 3111 a.
