2401 3380
1066 203 1356 246 ...3.-

206 331 403 384 adultae.
475 330 688 383 Ossicula
721 329 1000 400 quindecim,
1027 349 1133 379 cum
1159 330 1338 380 ossibus
1361 328 1717 387 branchialibuS‚
1747 329 2059 400 cartilaginem
2082 332 2218 403 hyo‘i'-

206 415 343 467 deam
380 417 667 466 constituunt
692 414 746 475 1).

346 502 393 560 1)
427 496 556 549 Basis
583 500 693 548 ossis
718 497 911 567 hyo'idei
937 496 1136 545 ossi-culo
1163 507 1362 544 cuneato
1388 496 1617 543 formatur
1636 494 1696 556 ²).

341 590 370 632 2
389 614 408 621 -
432 583 484 645 3)
520 586 706 632 Cornua
730 581 906 645 majora
931 579 1024 629 sive
1050 579 1279 628 anteriora
1305 579 1344 639 ³)
1377 578 1636 645 ligamentis
1667 578 1765 627 basi
1798 579 1911 629 ossis
1934 580 2217 650 hyo‘ideifas-

203 667 292 715 fixa
317 677 436 715 sunt.

339 754 368 798 24
387 777 407 785 -
426 747 478 809 5)
514 750 699 795 Cornua
723 744 902 793 minora
927 744 1021 793 sive
1040 735 1302 813 ⁴posteriora
1329 743 1368 805 4)
1393 763 1501 792 cum
1524 742 1621 792 basi
1647 744 1890 794 articulum
1917 748 2214 798 constituunt.

338 834 367 880 6
386 860 406 867 -
426 831 476 890 7)
512 833 646 878 Duae
671 827 942 876 columellae
970 829 1020 888 5),
1047 848 1178 877 arcus
1201 826 1494 878 branchiales
1519 826 1852 886 suffulcientes,
1876 828 1973 878 basi
1999 832 2109 880 ossis
2133 833 2216 901 hy-

203 912 331 963 o'idei
352 911 545 963 articulo
570 911 844 975 conjunctae
870 922 989 958 sunt.

336 1004 364 1045 8
383 1026 404 1033 ·
424 998 473 1056 9)
507 993 674 1042 Primis
698 992 1069 1059 longissimisque
1094 990 1293 1038 arcubus
1317 989 1661 1038 branchialibus
1682 991 1720 1050 ⁶)
1745 992 1964 1059 utrinque
1989 1005 2095 1041 sunt
2114 997 2216 1043 arti-

201 1074 467 1137 culationes,
491 1076 640 1144 prima
673 1095 781 1124 cum
817 1073 1086 1130 columella,
1120 1072 1323 1121 secunda
1359 1092 1464 1121 cum
1501 1092 1647 1122 cornu
1686 1074 1879 1123 minore.
1950 1080 2216 1126 Sustentant

200 1160 470 1210 branchiam
495 1158 693 1226 primam
726 1159 775 1206 in
800 1170 1003 1224 utroque
1028 1156 1182 1205 latere.

340 1252 398 1292 10
418 1273 437 1280 ·
461 1244 541 1303 11)
577 1240 777 1291 Secundi
804 1261 935 1290 arcus
966 1239 1254 1288 branchiales
1280 1239 1319 1298 τ)
1363 1258 1472 1287 cum
1497 1238 1753 1288 columellis
1779 1251 1824 1289 et
1849 1241 2047 1290 arcubus
2080 1242 2216 1292 bran-

199 1325 424 1375 chialibus
450 1325 592 1373 tertiis
619 1320 836 1372 articulos
863 1324 1026 1372 ineunt
1055 1333 1195 1388 atque
1226 1322 1473 1371 branchias
1499 1322 1723 1371 secundas
1749 1336 1946 1391 portant.

338 1415 397 1457 12
417 1437 437 1445 -
462 1406 543 1468 13)
580 1404 726 1456 Tertii
760 1427 891 1458 arcus
924 1405 1254 1456 branchiarum
1281 1405 1318 1467 8)
1353 1405 1566 1454 secundis
1600 1406 1798 1455 arcubus
1837 1419 1882 1456 et
1914 1410 2216 1475 sequentibus

200 1491 379 1540 ossibus
397 1490 639 1555 conjuncti
664 1501 785 1538 sunt.

340 1580 401 1624 14
418 1602 439 1611 -
462 1572 547 1636 15)
583 1574 749 1638 Quarti
775 1585 819 1622 et
843 1573 992 1622 ultimi
1017 1592 1149 1621 arcus
1173 1570 1464 1620 branchiales
1492 1573 1530 1634 9)
1557 1592 1663 1621 cum
1689 1571 2068 1622 antecedentibus
2088 1594 2217 1623 arcu-

200 1657 284 1706 bus
309 1658 491 1706 tertiam
516 1658 783 1707 branchiam
810 1658 1038 1706 sustinent
1053 1657 1136 1717 ¹⁰):
1163 1657 1243 1722 qui
1259 1656 1456 1720 arcus-in
1479 1655 1674 1720 cordylo
1694 1656 1766 1706 vix
1787 1655 2078 1706 discernendi
2097 1670 2215 1716 sunt,

202 1741 310 1804 quia
334 1740 656 1809 integumento
681 1741 920 1793 communi
946 1739 1307 1790 circumdantur.

1138 1824 1176 1883 ἓ.
1220 1828 1269 1870 A.

334 1907 511 1952 Omnes
546 1921 677 1950 arcus
711 1899 998 1948 branchiales
1030 1901 1078 1947 in
1116 1911 1246 1965 parte
1280 1917 1479 1946 concava
1505 1897 1721 1948 dentibus
1745 1901 1953 1951 instructi
1979 1918 2214 1970 apparent,

199 1984 430 2034 secundus
453 1985 710 2051 tertiusque
736 2002 868 2031 arcus
893 1981 1127 2049 duplicem
1154 1981 1294 2029 habet
1319 1980 1529 2029 dentium
1551 1982 1738 2041 seriem;
1763 1982 1924 2033 dentes
1949 2005 2059 2035 vero
2085 2007 2215 2037 arcu-

198 2069 287 2116 bus
311 2067 654 2116 branchialibus
679 2086 774 2115 non
798 2064 1023 2119 insident,
1060 2063 1139 2111 sed
1172 2063 1235 2112 illi
1259 2064 1505 2111 inhaerent
1532 2066 1645 2120 cuti,
1684 2067 1764 2132 qui
1802 2087 1827 2115 e
1853 2088 1966 2117 cavo
1991 2069 2082 2118 oris
2107 2090 2214 2137 pro-

200 2151 388 2200 veniens
414 2170 568 2209 arcus,
601 2150 791 2217 vaginae
823 2148 965 2196 instar
989 2145 1254 2196 circumdat.
1313 2151 1498 2196 Partem
1527 2164 1779 2198 'convexam
1807 2164 1850 2199 et
1877 2163 2108 2201 externam
2133 2173 2211 2202 cu-

308 2316 343 2367 ί)
373 2316 459 2370 Fig.
494 2315 559 2356 17.
614 2316 660 2353 ln
689 2312 863 2352 Tritonis
897 2311 1008 2350 larvis
1042 2326 1084 2350 os
1113 2311 1345 2364 hyoffleum,
1378 2326 1464 2350 cum
1495 2313 1658 2352 arcubus
1687 2315 1980 2364 branchialibus,
2009 2320 2211 2370 septende-

203 2380 276 2418 cim
302 2380 417 2420 habet
445 2378 620 2427 ossicula,
648 2378 734 2418 vide
763 2379 931 2418 Ruscom'
954 2385 992 2416 et
1020 2377 1186 2416 Brocchi
1211 2376 1309 2415 della
1339 2376 1596 2417 circolazio‘ne
1626 2377 1725 2418 delle
1755 2379 1858 2419 larve
1887 2380 1985 2419 delle
2017 2381 2210 2422 Salaman-

203 2444 269 2483 dre
297 2444 529 2496 aequatiche‚
558 2444 588 2481 F
592 2444 645 2497 ig.
676 2442 715 2484 5.

308 2518 346 2570 2)
375 2518 460 2572 rig.
490 2520 553 2560 17.
584 2533 617 2560 a.
735 2517 774 2570 ³)
805 2516 898 2555 lbid.
926 2515 962 2554 b.
1167 2515 1204 2567 20)
1236 2515 1327 2556 [bid.
1359 2530 1392 2557 c.

310 2594 346 2645 ε)
375 2593 469 2633 nid.
500 2593 535 2632 a.
738 2595 774 2644 ⁶>
807 2592 902 2631 mid.
935 2606 967 2632 e.
1174 2591 1211 2644 ⁷>
1244 2592 1337 2631 und.
1367 2592 1391 2630 f.

309 2669 346 2725 s)
377 2669 471 2708 lbid.
501 2683 537 2721 g.
739 2669 776 2718 ⁹)
807 2668 901 2707 lbid.
931 2667 967 2706 h.

312 2744 369 2797 ¹0)
401 2746 535 2784 Cuvz'er
568 2742 858 2797 (Vorlesungen
881 2743 977 2781 iiber
1001 2742 1295 2796 vergleichende
1324 2743 1539 2792 Anatomie‚
1569 2742 1853 2784 ubersetztvon
1871 2746 2029 2792 Macte),
2059 2745 2205 2785 lib.1v.

204 2823 289 2864 pag.
319 2809 429 2860 191.)
463 2807 536 2846 illis
570 2806 729 2845 arcubus
759 2806 799 2844 in
826 2809 986 2848 Axolotl
1013 2808 1168 2846 eandem
1199 2807 1333 2846 tribuit
1363 2808 1622 2847 functionem:
1661 2813 1837 2857 „Ausser
1867 2810 1952 2848 dem
1982 2809 2098 2846 findet
2126 2809 2205 2847 sich

204 2873 337 2911 hinten
366 2874 428 2912 ein
457 2871 803 2927 festgewachsener
829 2869 985 2924 Bogw,
1015 2871 1091 2919 der,
1128 2872 1167 2910 in
1191 2872 1446 2926 Verbindung
1467 2873 1537 2911 mit
1563 2873 1645 2911 dem
1671 2874 1825 2921 dritten,
1856 2872 1931 2912 den
1952 2872 2092 2910 dritten
2115 2873 2207 2911 Kie-

205 2936 454 2976 menbtischel
484 2939 744 2976 unterstiizt.“
800 2936 965 2974 Proteus
1005 2949 1024 2973 e
1056 2937 1273 2975 Bait-achiis
1314 2935 1476 2975 caudatis
1516 2938 1618 2975 solus
1656 2945 1791 2988 quarto
1822 2945 1923 2975 caret
1950 2951 2058 2983 arcu,
2099 2937 2205 2980 vide:

205 3002 412 3042 Humboldt
450 3001 712 3040 observations
743 2999 788 3038 de
818 2998 1030 3052 Zoologie‚
1066 3000 1141 3039 tab.
1169 3001 1269 3038 xm.
1301 3000 1386 3054 Fig.
1415 3000 1455 3040 5.
1490 3001 1527 3041 6.
1559 3001 1595 3040 7.
1627 3000 1663 3039 8.
1721 3003 1887 3040 Ruscom'
1913 3015 1933 3039 e
1961 3001 2040 3040 Con
2059 3002 2213 3051 zglz'arln'

209 3066 271 3107 del
304 3067 449 3106 Proteo
479 3065 660 3120 anguino.
698 3064 813 3104 Pavia
847 3063 963 3104 1819.
993 3062 1057 3103 fol.
1084 3063 1176 3103 min.
1216 3064 1309 3103 Tab.
1345 3065 1410 3104 lv.
1440 3065 1520 3117 Fig.
1553 3066 1587 3104 1.
1615 3074 1650 3103 et
1681 3065 1715 3103 3.
1924 3120 1943 3140 ⁸&

1886 3127 1902 3168 1
