2401 3380
1062 200 1377 241 -24-

364 329 484 377 Nam
504 326 633 374 haud
651 343 753 373 raro
771 323 980 373 videmus
1004 324 1051 373 in
1072 324 1353 382 vulneribus,
1379 326 1644 376 hominibus
1661 327 1850 386 inflictis,
1877 348 2062 380 earnem
2077 331 2224 382 laetis-

236 410 347 459 sime
372 405 693 459 luxuriantem,
729 421 823 468 quo
849 402 998 450 forma
1023 415 1206 452 artuum
1232 405 1557 471 corrumpitur,
1582 404 1644 452 ita
1667 417 1723 452 ut
1743 426 1813 455 ars
1838 408 2107 475 chirurgica,
2131 411 2226 459 cul-

234 499 306 535 tro
333 495 377 532 et
401 480 553 547 lapide
578 479 791 528 infernali
816 478 1162 543 adjuvantibUS,
1197 481 1426 529 cicatrices
1451 482 1743 530 conformare
1768 496 1958 549 cogatur
1981 486 2225 553 sculpteris

231 565 442 614 adinstar.'
511 557 581 605 Ad
621 576 719 604 ossa
753 556 892 604 fracta
928 557 1128 606 sananda
1161 577 1501 624 nonnunquam
1537 558 1681 607 callus
1714 560 2014 625 profunditur
2037 575 2129 612 tam
2155 582 2226 612 ca-

230 643 380 709 piose,
410 648 462 685 ut
498 634 1012 682 excrescentiae.variae
1045 635 1222 681 formae
1258 634 1435 682 laevem
1461 636 1665 701 corporis
1689 637 1992 701 ⁴superficiem
2017 639 2224 704 perdant.

229 716 342 766 Inde
367 723 513 781 patet,
545 712 672 759 hunc
704 710 951 759 vulnerum
985 710 1228 760 sanationis
1259 712 1452 761 modum
1490 712 1678 760 minime
1703 711 1893 761 differre
1918 714 1975 761 ab
1999 714 2072 761 illa
2096 734 2227 763 mon-

233 805 376 842 strose
402 789 562 838 coalita
587 788 788 836 laesione
815 789 1030 843 Tritonis,
1066 787 1151 837 nisi
1177 786 1305 852 quod
1331 788 1396 837 vis
1421 787 1764 852 reproduccndi
1790 808 1815 837 e
1838 790 2044 838 Tritonis
2067 792 2227 840 vulne-

231 869 280 918 're
311 878 464 934 partes
497 865 805 930 procreaverit
840 865 1004 915 melius
1029 864 1296 915 constitutas
1322 876 1366 914 et
1389 865 1686 934 compositas,
1722 885 1863 933 quam
1889 886 2074 917 carnem
2097 867 2228 919 luxu-

228 947 423 996 riantem
449 953 493 991 et
518 941 694 990 callum.
1105 947 1108 951 ’
1162 982 1164 985 .
1650 950 1651 953 ’
1765 947 1768 951 ’

1148 1022 1186 1084 g.
1235 1028 1313 1071 28.
1354 1061 1356 1064 .

367 1099 549 1146 Tritoni
582 1098 713 1164 nigro
738 1116 832 1145 non
859 1097 941 1146 soli
967 1098 1136 1146 tributa
1161 1116 1258 1146 esse
1280 1096 1465 1147 vvidetur
1489 1099 1727 1166 singularis
1751 1101 1866 1149 haec
1890 1098 2137 1149 vulnerum
2162 1119 2228 1148 sa-

228 1175 489 1226 nandorum
514 1175 648 1231 ratio,
689 1176 777 1223 sint
801 1175 1063 1241 gravissima
1087 1174 1318 1240 simulque
1343 1193 1450 1222 cum
1475 1176 1752 1225 substantiae
1777 1178 1944 1226 amissu
1970 1178 2229 1241 conjuncta,

232 1253 310 1303 sed
338 1252 473 1300 etiam
499 1252 583 1300 alia
608 1252 818 1300 animalia
845 1271 870 1299 e
894 1251 1034 1300 classe
1059 1251 1405 1319 amphibiorum
1429 1272 1524 1301 non
1548 1254 1701 1302 minus
1720 1255 1807 1302 hac
1820 1255 1863 1302 vi
1887 1252 2228 1320 reproducendi

232 1333 398 1399 inclyta
423 1329 646 1397 gaudent,
692 1329 923 1394 nobisque
955 1328 1122 1376 similes
1147 1329 1208 1376 ob
1234 1328 1428 1377 eandem
1454 1348 1636 1377 causam
1662 1330 1879 1378 exhibent
1903 1329 2229 1378 deformitates.

230 1416 347 1459 Prae
384 1407 572 1455 caeteris
596 1425 806 1454 memoro
840 1406 1045 1473 effigiem
1069 1406 1263 1455 lacertae
1289 1410 1435 1455 cauda
1460 1406 1635 1472 triplice
1659 1407 1906 1455 instructae
1929 1407 1975 1453 in
2000 1405 2230 1453 Francisci

230 1486 350 1536 Redi
377 1483 608 1550 opusculis
633 1483 907 1531 delineatam
935 1483 987 1543 ¹).
1056 1482 1187 1531 Idem
1213 1484 1402 1550 insignis
1427 1487 1696 1532 observator
1717 1494 1870 1531 narrat
1889 1484 1953 1542 2);
1990 1483 2123 1538 „vidi
2141 1483 2229 1529 ali,-

229 1564 434 1631 quando
458 1562 584 1609 duos
607 1571 864 1625 serpentes,
888 1559 1064 1626 quibus
1078 1562 1282 1623 gemina
1299 1571 1406 1609 erat
1424 1561 1603 1609 cauda.
1615 1559 1828 1608 —Idem
1845 1576 2041 1626 quoque
2063 1560 2229 1624 depre-

225 1641 445 1689 hendiz‘n
458 1638 653 1685 lacertis
670 1636 940 1703 mczjoribus
963 1647 1009 1684 et
1031 1638 1251 1685 minimzs
1263 1639 1467 1701 gemina
1489 1635 1947 1686 caudainstructzS.”
1971 1633 2228 1684 Laudatam

228 1716 432 1783 effigiem
456 1715 640 1761 intuens
666 1713 853 1761 credere
887 1713 1057 1770 ausim,
1091 1713 1188 1762 illas
1224 1713 1537 1762 deformitates
1573 1732 1776 1762 ramosas
1814 1731 1963 1777 aeque
1989 1731 2013 1760 a
2036 1711 2228 1760 vulnere

228 1814 338 1850 esse,
363 1810 662 1858 nequaquam
685 1809 796 1841 vero
821 1809 927 1837 cum
954 1789 1135 1837 animali
1161 1790 1262 1854 ipso
1289 1802 1423 1838 ortas.
1478 1794 1688 1839 Monstra
1713 1790 1864 1839 nativa
1889 1788 2157 1854 praesertim
2180 1789 2228 1835 in

228 1869 490 1936 Amphibi-is
515 1879 622 1914 sunt
644 1867 970 1919 rarissimai‘L
1004 1864 1393 1926 praeclarissimus
1416 1865 1716 1911 Alexander
1739 1866 1796 1911 ah
1823 1865 2131 1919 Humboldt,·
2149 1866 2229 1930 qui

229 1950 474 1998 innumera
499 1960 716 1990 ranarum
741 1938 874 2005 copia
893 1936 949 1985 ad
964 1937 1274 2004 experimenta
1293 1956 1375 1984 sua
1391 1947 1503 1985 usus
1523 1950 1601 1992 est,
1625 1939 2228 2003 nunquam-monstriferam

232 2021 489 2073 observavit
510 2036 668 2066 ranam
689 2017 739 2075 4).
809 2017 1068 2081 Nunquam
1093 2014 1191 2063 fere
1213 2013 1396 2062 hibrida
1413 2014 1451 2074 ⁵)
1476 2024 1520 2061 et
1545 2013 1774 2079 degenera
1795 2014 1835 2075 ⁶)
1860 2014 2095 2081 amphibia
2121 2028 2229 2064 sunt

231 2102 420 2152 detecta.
492 2100 598 2159 Qua
633 2092 690 2141 de
715 2110 873 2150 causa,
907 2092 942 2140 si
978 2090 1200 2158 quasdam
1228 2091 1398 2140 formas
1422 2102 1701 2140 monstrosas
1725 2091 1772 2139 in
1797 2091 2068 2140 animalibus
2093 2093 2135 2141 vi
2160 2112 2228 2141 re-

2029 2169 2228 2236 produc-

339 2264 374 2312 1)
407 2265 451 2301 F.
482 2254 583 2300 Redi
608 2257 884 2309 opusculorum
914 2271 999 2310 pars
1031 2258 1097 2297 Ill.
1128 2256 1207 2295 sive
1240 2254 1551 2294 deanimalculis
1580 2255 1675 2294 vivis
1705 2269 1801 2300 uuae
1829 2257 1871 2296 in
1899 2256 2124 2308 corporibus
2149 2257 2228 2295 ani-

228 2319 381 2358 malium
413 2315 589 2353 vivorum
622 2311 878 2362 reperiuntur.
932 2312 1057 2365 Lugd.
1086 2310 1316 2353 Bat.,1729.
1353 2309 1482 2349 lOmo,
1513 2308 1610 2347 Tab.
1640 2309 1685 2349 ll.
1712 2306 1813 2364 Figf
1834 2311 1870 2350 1.

340 2380 379 2429 2)
409 2378 504 2417 lbid.
536 2390 621 2428 pag.
653 2374 717 2415 14.
1944 2408 1946 2411 v

341 2443 379 2494 3)
409 2443 561 2481 Haller:
596 2452 711 2490 opera
739 2439 901 2477 minora.
929 2446 1025 2477 tom.
1053 2438 1119 2477 111.
1155 2450 1243 2492 pag.
1272 2437 1370 2476 120:
1407 2436 1585 2487 „rariora
1622 2428 1710 2474 sunt
1740 2434 1778 2473 in
1809 2433 1879 2473 hac
1907 2434 2024 2475 classe
2053 2436 2227 2477 animalia

234 2496 480 2542 monstrifica,
508 2506 589 2531 non
617 2499 743 2530 tamen
773 2491 922 2530 nulla.''

339 2558 378 2611 4)
406 2560 519 2599 Alex.
539 2555 582 2593 ab
598 2555 823 2594 Humboldt:
852 2554 1048 2593 Versuche
1077 2554 1173 2593 iiber
1203 2553 1263 2592 die
1280 2554 1476 2608 gereizten
1491 2551 1659 2591 Muskel-
1680 2551 1758 2589 und
1777 2551 2081 2594 Nerven·Faser.
2108 2555 2222 2594 1797.

237 2617 354 2654 T‘om.
390 2614 418 2651 1.
455 2624 541 2663 pag.
573 2609 671 2647 300:
728 2610 854 2646 Unter
904 2607 978 2646 den
1017 2607 1250 2659 Amphibien
1291 2608 1367 2645 und
1399 2606 1568 2646 Fischen
1593 2604 1676 2642 sind
1705 2604 1987 2658 Missgeburten
2020 2607 2224 2645 unendlich

238 2669 372 2708 selten.
400 2686 452 2694 —-
492 2663 599 2701 Aber
638 2661 705 2698 der
735 2659 884 2701 Frosch
917 2660 1024 2713 gicht
1054 2661 1123 2698 mit
1149 2660 1281 2699 seinen
1324 2661 1373 2699 18
1401 2658 1576 2712 Fingern
1601 2657 1699 2695 doch
1737 2657 1992 2710 Gelegenheit
2021 2672 2152 2711 genug
2179 2675 2226 2698 zu

239 2718 557 2770 Abweichungen
586 2729 677 2753 vom
708 2713 1004 2767 gewohnlichen
1020 2713 1260 2765 Kiirperbau.
1295 2713 1385 2750 Und
1414 2713 1489 2750 wie
1512 2711 1611 2750 viele
1641 2712 1800 2750 tausend
1813 2710 1981 2748 Fffische
2009 2711 2091 2749 sind
2119 2713 2226 2751 nIcht

237 2789 327 2815 vom
363 2770 575 2811 Menschen
612 2767 727 2806 secirt
762 2766 945 2805 worden?
999 2767 1077 2805 Hat
1115 2780 1201 2804 man
1239 2765 1344 2803 wohl
1373 2764 1654 2819 Missgeburten
1690 2764 1869 2802 daruuter
1896 2763 2098 2801 entdeckt'z'
2150 2767 2225 2804 Die

235 2826 470 2879 Amphibien
500 2821 694 2868 schemen,
723 2820 799 2858 wie
827 2819 888 2858 die
921 2819 1400 2873 Schmetterlingsblumen
1428 2827 1541 2857 unter
1569 2817 1857 2862 ‹lenPssanzen²
1884 2815 2148 2857 unaushtirlich
2177 2833 2224 2857 an

236 2883 298 2920 das
331 2879 472 2918 Gesetz
505 2873 813 2928 gleichm'zissiger
843 2872 1012 2927 Bildung
1048 2871 1296 2927 gebunden.”

341 2941 376 2992 5)
410 2938 664 2977 Treviranus:
692 2936 887 2990 Biologie.
919 2936 1037 2977 Tom.
1067 2937 1131 2975 111.
1160 2949 1245 2988 pag.
1269 2933 1366 2975 414:
1394 2935 1599 2985 „Seltener
1626 2931 1710 2971 sind
1731 2931 1922 2984 Beispiele
1954 2947 2030 2972 von
2050 2934 2224 2973 Bastard-

242 3007 515 3048 erzeugungen
543 2991 605 3029 hei
639 2991 712 3028 den
745 2989 1023 3042 Amphibien.'’

343 3058 380 3108 6)
411 3056 659 3096 Blumenhach
691 3053 736 3092 de
769 3052 887 3092 oculis
918 3053 1245 3105 Leucaethiopum
1275 3061 1314 3092 et
1340 3051 1447 3090 Iridis
1478 3058 1597 3089 motu.
1628 3048 1942 3103 Gotting.1786.
1970 3048 2039 3090 4to
2066 3064 2151 3104 pag.
2181 3053 2223 3091 93

241 3123 465 3161 „nunquam
496 3109 534 3146 in
562 3106 863 3159 AmphibIOrum
894 3107 1014 3146 oculis
1042 3106 1282 3161 pigmentum
1312 3105 1465 3157 nigrum
1493 3103 1691 3142 observavi
1719 3104 1924 3142 absentem.
1935 3102 1956 3120 '⁷
