2401 3380
1049 219 1339 262 ...4.-

200 344 369 414 jusque
403 343 584 394 ossiculi
616 343 895 394 membrana·
919 344 1187 395 semilunata
1221 344 1547 415 pellucidaque
1577 349 1718 398 ambit
1751 349 1978 415 ¹),‘cuj:us
2010 371 2115 419 pars
2148 352 2201 403 li-

198 429 330 484 bera,
365 427 552 496 cordylo
578 429 664 477 sub
689 448 809 495 aqua
832 439 1064 485 versante,
1095 429 1313 477 {luctibus
1338 443 1572 490 movetur,
1608 443 1653 480 et
1685 453 1710 480 e
1733 434 1897 481 fissura
1922 435 2036 484 cutis
2061 455 2200 504 supra

201 510 428 578 descripta
451 530 600 578 paene
625 512 868 579 prominet.
937 510 1137 579 Cordylo
1160 512 1208 561 in
1233 523 1404 562 terram
1427 513 1646 563 translato
1671 513 1781 562 istae
1816 516 2114 567 membranae
2151 538 2200 567 se

200 595 581 662 appropinquant
605 605 650 642 et
673 593 901 661 spiracula
925 593 1157 643 claudunt.
1591 605 1593 608 '

334 750 378 793 3.
429 756 725 795 APPARATUS
749 758 1094 795 MUSCULORUM
1117 758 1185 793 AD
1207 756 1368 794 ARCUS
1390 757 1762 796 BRANCHIARUM
1785 731 2064 798 MOVENDOS.

1132 844 1170 905 g.
1221 847 1264 892 5.

333 925 520 993 Cordyli
554 925 795 974 branchias
819 943 923 973 suas
948 943 1115 991 parum
1149 944 1443 975 commovere
1476 938 1683 992 possunt.
1742 927 2079 976 Celeberrimus
2106 927 2200 978 Cu-

197 1005 290 1052 vier
313 1003 521 1072 loquitur
545 1006 602 1054 de
627 1007 846 1056 musculis
872 1006 1055 1054 duobus
1079 1007 1237 1054 Protei
1260 1008 1489 1056 Mexicani
1515 1010 1555 1069 ²)
1589 1008 1647 1057 ad
1680 1009 1923 1059 branchias
1957 1010 2200 1061 elevandas

196 1098 242 1135 et
266 1086 595 1147 detrahendas3
630 1088 819 1137 eosdem
844 1091 906 1136 ob
932 1108 1095 1136 eorum
1120 1088 1414 1137 subtilitatem
1438 1089 1485 1137 in
1512 1091 1709 1158 cordylis
1733 1091 1819 1140 illis
1842 1091 1970 1141 haud
1990 1093 2094 1141 satis
2119 1093 2201 1141 ob·

196 1188 376 1219 servare
401 1172 546 1237 potui,
571 1190 663 1237 qua
689 1170 746 1219 de
771 1190 821 1219 re
846 1190 924 1219 eos
950 1171 1178 1219 acm—atius
1204 1170 1492 1219 describendi
1517 1173 1697 1221 animus
1722 1175 1837 1222 mihi
1861 1194 1956 1223 non
1982 1185 2069 1234 est,
2091 1174 2200 1224 licet

195 1251 254 1302 de
278 1254 330 1302 iis
355 1254 672 1320 praesentibus
697 1252 825 1302 haud
859 1252 1081 1301 dubitem.

328 1337 712 1386 Commodissimo
744 1347 902 1385 autem
932 1336 1252 1385 musculorum
1285 1348 1509 1404 apparatu
1543 1338 1724 1402 cordyli
1755 1338 1962 1387 instructi
1987 1349 2115 1396 sunt,
2147 1351 2200 1388 ut

192 1438 326 1468 arcus
359 1419 669 1477 branchiales‚
702 1439 832 1467 more
867 1419 1084 1485 piscium,
1117 1419 1261 1468 modo
1294 1419 1555 1470 distendere
1590 1420 1733 1469 modo
1767 1420 1981 1469 claudere
2004 1420 2198 1473 valeant.

194 1505 410 1566 Quatuor
434 1501 490 1549 ad
515 1502 642 1549 hunc
665 1503 809 1550 finem
834 1514 1090 1568 spectantes
1113 1502 1347 1552 musculos
1370 1504 1418 1551 in
1436 1506 1646 1570 'utroque
1670 1503 1810 1551 latere
1834 1503 2004 1553 inveni.

336 1584 382 1646 1)
416 1583 657 1633 Adductor
690 1603 882 1633 arcuum
907 1585 1243 1633 branchialium
1278 1586 1393 1647 (sive
1417 1586 1654 1636 musculus
1677 1585 1880 1646 trifidus)
1904 1586 1943 1646 ³)
1978 1585 2123 1633 oritur
2147 1585 2193 1634 in

193 1665 348 1715 radice
383 1686 515 1716 arcus
540 1667 690 1734 quarti
715 1679 760 1715 et
783 1667 967 1715 cuilibet
991 1679 1278 1716 caeterorum
1303 1687 1498 1717 arcuum
1521 1669 1784 1717 transmittit
1807 1688 1988 1721 ramum
2012 1686 2196 1718 muscu-

193 1748 358 1807 larem,
384 1750 464 1815 qui
488 1749 753 1806 tuberculo,
778 1749 916 1798 radici
942 1770 1136 1798 arcuum
1160 1751 1346 1800 illorum
1370 1750 1608 1809 insidenti,
1633 1751 1860 1802 inseritur.

330 1834 379 1891 2)
413 1830 654 1879 Abductor
686 1850 881 1881 arcuum
915 1833 1251 1882 branchialium
1279 1835 1494 1897 superior
1526 1835 1641 1894 (sive
1672 1835 1913 1883 musculus
1946 1831 2194 1882 branchiu-

300 2016 335 2066 1)
365 2017 557 2055 Numerus
597 2027 772 2062 arcuum,
810 2013 926 2052 series
961 2012 1132 2053 dentium
1173 2020 1212 2052 et
1245 2012 1331 2052 illae
1366 2013 1610 2053 membranae
1637 2012 1849 2067 pellucidae
1877 2013 1989 2066 plane
2022 2013 2191 2066 ejusdem

189 2088 278 2119 sunt
308 2080 537 2118 conditionis
566 2094 607 2118 ac
636 2078 675 2116 in
707 2086 846 2117 nostro
878 2078 1142 2117 salamandrae
1170 2086 1261 2116 terr.
1290 2078 1458 2131 cordylo‚
1488 2079 1595 2129 cujus
1625 2078 1920 2130 descriptionem
1950 2078 2026 2117 huc
2053 2092 2192 2132 aggre-

190 2144 326 2192 dimur,
356 2144 394 2181 in
424 2143 592 2191 Axolotl,
625 2142 716 2191 (vid.
750 2142 884 2181 Cuvier
917 2141 1142 2180 recherches
1173 2156 1238 2180 sur
1266 2140 1321 2180 les
1350 2142 1505 2194 reptiles
1535 2143 1701 2181 douteux
1728 2142 1767 2179 in
1800 2143 2027 2182 Humboldt:
2058 2143 2190 2181 obser-

188 2208 337 2247 vations
364 2208 410 2246 de
439 2207 646 2260 Zoologie‚
676 2204 773 2246 Tab.
804 2206 886 2244 Xll.
916 2204 1000 2257 Fig.
1031 2205 1067 2244 3.
1100 2213 1138 2243 et
1165 2203 1202 2244 4.
1231 2219 1318 2259 pag.
1349 2206 1440 2247 112.
1496 2206 1559 2255 „ll
1583 2222 1605 2260 y
1636 2221 1658 2245 a
1686 2215 1820 2258 quatre
1859 2220 2015 2245 arceaux
2040 2220 2190 2246 comme

189 2272 279 2309 dans
312 2270 365 2308 les
394 2272 584 2323 pois-sons,
615 2285 658 2309 ce
691 2270 757 2321 qui
786 2269 1034 2322 supposeroit
1062 2269 1149 2320 cinq
1181 2277 1421 2317 ouvertures,
1452 2270 1544 2309 mais
1578 2270 1613 2310 le
1643 2271 1854 2322 quatrieme
1886 2279 1942 2309 est
1981 2270 2079 2309 colle
2118 2270 2190 2307 im-

188 2336 461 2373 mediatement
478 2349 523 2373 au
540 2343 666 2374 tronc.
722 2335 796 2373 Les
815 2334 910 2372 deux
941 2346 1098 2372 arceaux
1127 2331 1426 2372 intermediaires
1449 2341 1529 2382 ont,
1558 2334 1610 2373 du
1641 2336 1730 2374 cote*
1759 2334 1806 2373 de
1835 2334 1869 2372 la
1895 2332 2061 2382 bouche‚
2092 2332 2188 2372 deux

189 2413 302 2452 rangs
333 2399 379 2436 de
408 2399 624 2437 dentelurcs
652 2398 854 2449 pointues;
889 2397 981 2435 mais
1012 2396 1046 2435 le
1082 2396 1250 2448 premier
1281 2403 1320 2434 et
1348 2395 1383 2435 le
1415 2398 1627 2448 quatrieme
1663 2398 1751 2438 n'en
1789 2405 1858 2436 ont
1886 2396 2031 2435 chacun
2069 2396 2188 2448 qu'un

185 2462 268 2502 seul
292 2476 397 2515 tang.
453 2462 526 2500 Les
555 2468 687 2512 quatre
719 2475 875 2500 arceaux
913 2468 1070 2513 portent
1098 2473 1145 2497 en
1185 2459 1323 2498 dehors
1353 2460 1497 2499 chacun
1526 2475 1602 2500 une
1635 2463 1737 2500 crete
1765 2461 2055 2500 membraneuse
2083 2469 2188 2500 tran·

187 2527 323 2565 chante
353 2528 482 2575 etc.“)
541 2533 578 2563 et
606 2525 644 2562 in
678 2525 886 2564 Tritonum
917 2524 1076 2575 cordylis
1107 2523 1202 2572 (vid.
1229 2525 1396 2564 Rusconi
1423 2533 1461 2564 et
1487 2526 1651 2565 Brocchi
1678 2523 1775 2564 della
1803 2524 2055 2565 circolazione
2087 2524 2186 2564 delle

187 2591 289 2629 larve
321 2590 417 2628 delle
450 2589 691 2627 Salmnandre
723 2587 954 2640 aequatiche.
991 2602 1077 2641 pag.
1107 2589 1145 2627 9.
1214 2629 1217 2631 ,

293 2664 329 2716 ’3)
364 2665 570 2704 ΙΙιιιηόυΙιΙί
601 2663 866 2703 observations
897 2664 942 2701 de
972 2662 1180 2716 Zoologie‚
1212 2677 1298 2717 pag.
1330 2662 1419 2704 115.

291 2741 329 2792 ἃ)
359 2739 443 2793 Fig.
473 2739 511 2779 5.
546 2754 565 2778 e
599 2747 636 2778 et
669 2739 753 2791 Fig.
785 2739 847 2778 17.
879 2738 904 2777 l.
961 2739 1096 2777 Cuoier
1132 2738 1330 2790 descripsit
1368 2738 1530 2777 eundem
1562 2737 1774 2777 musculum
1815 2739 1854 2776 in
1889 2738 2033 2776 Proteo
2062 2736 2181 2776 Mcxi-

185 2817 279 2843 cano
313 2803 483 2853 (Vorles.
500 2804 594 2842 iiber
621 2801 829 2855 vergleich.
848 2801 961 2841 Anat.
992 2802 1057 2842 lib.
1078 2803 1144 2843 1V.
1176 2817 1213 2854 p.
1228 2804 1320 2842 229.
1349 2809 1387 2841 et
1412 2804 1618 2842 Humboldt
1638 2800 1900 2841 observations
1922 2800 1968 2839 de
1988 2799 2180 2854 Zoologie

182 2869 258 2909 tab.
277 2869 358 2908 ΧΠ.
391 2868 475 2921 Fig.
499 2865 537 2907 4.
566 2881 653 2906 nro.
687 2865 724 2905 4.
758 2875 796 2906 et
825 2865 877 2913 5.,
907 2880 994 2919 pag.
1029 2864 1119 2905 115.
1174 2867 1282 2915 „Les
1302 2880 1382 2905 arcs
1412 2867 1476 2905 des
1506 2865 1703 2904 branchies
1730 2872 1818 2903 sont
1845 2863 2076 2915 rapproches
2102 2864 2180 2903 l’un

183 2933 228 2969 de
266 2932 396 2970 l'autre
434 2946 502 2983 par
538 2945 614 2969 une
654 2929 821 2979 muscle‚
861 2930 955 2968 dont
989 2929 1160 2968 l'attache
1197 2929 1436 2982 postcrieure
1479 2938 1536 2969 est
1575 2933 1595 2968 a
1633 2927 1854 2966 l'extremite
1892 2927 2097 2968 infcrieure
2127 2929 2176 2966 du

183 2994 355 3042 dernier,
394 2995 459 3046 qui
493 2994 663 3035 s'avance
699 3008 787 3033 sous
827 2993 922 3033 celle
962 2994 1026 3034 des
1062 2993 1159 3033 trois
1199 3001 1324 3033 autres
1361 3008 1460 3043 arcs,
1497 3001 1535 3033 et
1571 2992 1655 3031 leur
1691 2990 1829 3030 envoie
1872 2992 1892 3029 a
1921 2991 2066 3031 chacun
2099 3006 2176 3032 une

183 3057 424 3110 languette.“
