2401 3380
1014 204 1334 248 ..22-

960 328 1253 388 CAPUT
1295 330 1402 389 IV.

543 454 629 499 DE
661 452 727 498 v1
760 447 1263 501 REPRODUCTIVA
1287 431 1591 502 TR1Tole
1613 453 1807 531 NIGm.

1177 560 1256 602 „Illi
1281 561 1480 596 alternantes
1503 563 1611 598 multa
1634 563 1666 598 vi
1683 563 1812 610 proelia
1834 565 1974 602 miscent

1175 616 1380 651 Vulneribus
1406 618 1565 653 crcbris.”
1623 619 1626 623 ¹

1806 675 1910 709 Vme.

1092 760 1134 822 ἓ.
1180 764 1256 809 24.

178 832 401 910 pristino·
423 862 633 916 tempore
658 848 815 896 fabula
838 849 910 896 illa
937 847 994 897 de
1018 845 1343 898 salamandrae
1361 848 1586 897 terrestris
1609 849 1801 909 virtute,
1833 871 1887 901 ex
1909 851 2026 920 ignis
2050 852 2176 922 flam·

178 955 253 984 ma
288 935 462 1000 absque
497 931 668 980 damno
701 942 984 997 artuumque
1016 931 1216 980 laesione
1251 929 1538 997 egrediendi,
1580 932 1816 1002 notissima
1849 947 1968 983 erat:
2016 935 2176 984 eadem

177 1038 305 1067 nunc
329 1015 471 1083 gloria
497 1026 542 1063 et
564 1013 729 1063 veriori
755 1013 946 1080 quidem
969 1014 1218 1062 Tritonum
1251 1013 1319 1062 vis
1342 1013 1668 1080 reproductiva
1700 1014 1837 1085 digna
1862 1029 1929 1065 est
1951 1017 2179 1077 habenda,

180 1120 321 1167 quam
354 1098 581 1164 imprimis
614 1095 940 1144 illustrissimus
964 1096 1302 1161 Spallanzani
1327 1095 1633 1144 celeberrimis
1658 1099 1979 1164 experimentis
2002 1102 2050 1149 in
2075 1103 2178 1150 Tri-

178 1196 287 1231 tone
312 1181 445 1247 nigro
470 1179 602 1227 nobis
627 1178 858 1239 patefecit.
927 1178 1254 1244 Experimenta
1286 1176 1361 1224 illa
1395 1177 1564 1226 iterum
1599 1179 1864 1247 iterumque
1895 1184 2088 1250 repetita
2120 1185 2175 1232 si-

176 1266 319 1314 lentio
343 1264 438 1311 huc
461 1261 711 1327 praeterire
743 1279 928 1308 necesse
965 1271 1053 1316 est,
1100 1279 1161 1308 ne
1184 1259 1411 1308 lectorum
1444 1261 1662 1328 patientia
1697 1262 1880 1312 abutar:
1926 1266 2175 1314 nonnullos

175 1367 286 1398 vero
311 1365 464 1402 casm,
502 1364 619 1411 quos
653 1342 710 1391 de
744 1343 832 1391 hac
863 1343 908 1393 vi
941 1341 1151 1392 miranda
1175 1361 1322 1394 novos
1347 1343 1595 1411 Gottingae
1620 1343 1863 1397 observare
1885 1341 2041 1404 licuit,j
2066 1348 2177 1397 huic

179 1429 357 1497 opellae
383 1427 563 1478 addam.

1100 1507 1140 1570 ἓ.
1189 1511 1266 1557 25.

309 1598 437 1647 Inter
459 1593 675 1643 Tritones
698 1590 876 1657 nigros,
917 1609 1037 1659 quos
1058 1590 1107 1639 in
1132 1591 1264 1640 fossis
1288 1590 1559 1659 lacunisque
1583 1611 1732 1660 prope
1756 1593 2026 1660 Gottingam
2049 1593 2178 1644 haud

178 1694 303 1725 raros
327 1677 503 1734 inveni,
536 1687 628 1724 tres
654 1674 860 1722 animum
885 1691 1043 1722 meum
1069 1693 1211 1741 quam
1234 1675 1431 1724 maxime
1457 1676 1758 1743 occupabant,
1791 1678 1967 1745 quippe
1993 1678 2073 1744 qui
2096 1697 2177 1745 pe-

176 1759 320 1809 dibus
336 1771 465 1808 erant
487 1757 696 1807 instructi
720 1756 1009 1804 monstrosis:
1057 1756 1227 1824 digitus
1253 1758 1398 1815 enim,
1445 1770 1499 1807 ut
1522 1760 1776 1809 accuratius
1801 1759 2182 1836 dicamgntertius1

176 1842 306 1908 pedis
331 1841 569 1890 anterioris
594 1840 759 1901 sinistri
783 1840 830 1887 in
856 1844 952 1887 uno
976 1840 1184 1894 Tritone,
1218 1856 1359 1895 mare,
1390 1840 1558 1903 digitus
1584 1842 1773 1903 quintus
1799 1840 1930 1904 pedis
1953 1838 2181 1905 posterio-⁴

178 1925 237 1972 ris
263 1922 408 1970 dextri
430 1923 477 1969 in
504 1919 646 1967 altero
672 1925 811 1965 sexus
829 1915 1064 1973 feminini,
1108 1927 1154 1963 et
1188 1919 1356 1982 digitus
1380 1919 1560 1965 medius
1585 1918 1717 1983 pedis
1741 1921 2006 1984 posterioris
2024 1920 2175 1987 ‘dextri

177 2019 317 2072 atque
344 2015 535 2071 quartus
562 2000 729 2051 sinistri
764 1999 811 2048 in
835 1999 971 2048 tertio
996 1996 1205 2064 ejusdem
1231 2017 1364 2047 sexus
1389 2010 1519 2061 erant
1541 1999 1659 2047 miro
1694 1999 1899 2066 quodam
1933 2003 2075 2053 modo
2107 2006 2175 2055 bi-

176 2089 295 2139 furci
316 2086 367 2149 ¹).

311 2168 448 2219 Tales
483 2166 647 2234 digitos
680 2163 934 2219 deformes,
968 2162 1164 2230 pedibus
1188 2164 1639 2232 progerminantibus
1664 2177 1804 2233 atque
1827 2167 1874 2215 in
1899 2168 2047 2235 prima
2079 2169 2174 2234 jam

177 2252 557 2307 conformatione,
581 2261 803 2315 tanquam
827 2248 1020 2303 innatOS,
1046 2246 1180 2295 simul
1201 2248 1454 2315 erupuisse,
1476 2267 1749 2315 persuasum
1767 2250 1880 2298 mihi
1902 2250 2072 2319 babere
2091 2272 2172 2301 ne-

178 2356 323 2405 queo:
361 2335 445 2383 alia
470 2333 592 2382 enim
619 2331 937 2382 observatione
962 2330 1102 2398 paulo
1125 2331 1245 2380 infra
1271 2330 1525 2380 enarranda
1550 2343 1764 2399 expertus
1788 2344 1890 2380 sum'
1915 2333 2171 2395 ostendere,

177 2419 491 2470 deformitates
514 2416 610 2464 illas
633 2414 760 2465 haud
786 2434 884 2462 esse
907 2414 1106 2470 innatas,
1143 2413 1223 2462 sed
1248 2414 1494 2463 serioribus
1519 2408 1681 2463 diebus
1706 2426 1906 2474 exortas3
1947 2416 2042 2465 imo
2075 2419 2167 2467 vim

177 2498 519 2570 reproducendi
551 2499 790 2546 nominare
823 2496 957 2544 liceat
988 2497 1342 2563 procreatricem
1366 2498 1494 2546 istius
1519 2496 1695 2545 formae
1719 2509 2028 2559 monstrosae;
2063 2520 2169 2568 pro-

178 2585 389 2635 babiliter
411 2582 487 2630 illa
511 2581 780 2629 Tritonibus
805 2579 910 2627 alias
934 2579 1129 2626 maxime
1154 2578 1358 2628 salutaris
1378 2580 1685 2646 beneficaque
1707 2580 1787 2639 νίς,
1808 2601 1900 2648 qua
1924 2582 2167 2633 auxiliante

177 2671 294 2717 haec
316 2667 564 2715 Tritonum
590 2664 764 2730 species
788 2662 1120 2729 ingentissimas
1154 2662 1404 2710 contemnit
1439 2661 1828 2723 detruncationes,
1869 2678 1994 2713 n'unc
2025 2666 2165 2720 semel

180 2771 257 2800 eos
291 2769 457 2800 vexans
491 2758 613 2795 extra
647 2729 807 2793 omnes
836 2742 1254 2812 prosiluit'limites.
1314 2745 1516 2812 ,Saepius
1549 2746 1823 2813 saepiusque
1847 2746 2061 2795 Tritones
2092 2749 2165 2797 vel

180 2853 341 2883 corum
383 2831 455 2882 vel
489 2827 811 2880 salamandrae
852 2815 1074 2876 terrestris
1107 2828 1318 2896 cordylos
1351 2827 1443 2879 vidi
1476 2829 1703 2876 acerrimis
1737 2840 1781 2877 et
1813 2830 2012 2877 cruentis
2046 2849 2163 2897 pug-

178 2918 248 2965 nis
282 2917 399 2963 inter
434 2934 481 2962 se
515 2911 868 2968 contendentes,
917 2932 1023 2961 cum
1057 2911 1327 2971 lumbricos,
1359 2912 1694 2960 nutrimentum
1725 2911 1903 2959 Tritoni
1931 2911 2161 2961 Salaman-

286 3062 322 3113 1)
353 3061 438 3115 rig.
470 3061 521 3098 20
554 3067 591 3099 et
622 3059 685 3098 21.
