<?xml version="1.0" encoding="UTF-8"?>
<!DOCTYPE html PUBLIC "-//W3C//DTD XHTML 1.0 Transitional//EN"
    "http://www.w3.org/TR/xhtml1/DTD/xhtml1-transitional.dtd">
<html xmlns="http://www.w3.org/1999/xhtml" xml:lang="en" lang="en">
 <head>
  <title>
</title>
<meta http-equiv="Content-Type" content="text/html;charset=utf-8" />
  <meta name='ocr-system' content='tesseract 3.04.00' />
  <meta name='ocr-capabilities' content='ocr_page ocr_carea ocr_par ocr_line ocrx_word'/>
</head>
<body>
  <div class='ocr_page' id='page_1' title='image "./observationesqua00sieb_0007.png"; bbox 0 0 2473 3499; ppageno 0'>
   <div class='ocr_carea' id='block_1_1' title="bbox 794 947 1738 1020">
    <p class='ocr_par' dir='ltr' id='par_1_1' title="bbox 794 947 1738 1020">
     <span class='ocr_line' id='line_1_1' title="bbox 794 947 1738 1020; baseline 0 0"><span class='ocrx_word' id='word_1_1' title='bbox 794 947 1590 1020; x_wconf 79' lang='lat' dir='ltr'>LECTORIBUS</span> <span class='ocrx_word' id='word_1_2' title='bbox 1665 949 1738 1020; x_wconf 80' lang='lat' dir='ltr'>S.</span> 
     </span>
    </p>
   </div>
   <div class='ocr_carea' id='block_1_2' title="bbox 253 1218 2271 3162">
    <p class='ocr_par' dir='ltr' id='par_1_2' title="bbox 253 1218 2271 3162">
     <span class='ocr_line' id='line_1_2' title="bbox 254 1218 2270 1330; baseline 0.004 -28"><span class='ocrx_word' id='word_1_3' title='bbox 254 1218 425 1306; x_wconf 79' lang='lat' dir='ltr'>Non</span> <span class='ocrx_word' id='word_1_4' title='bbox 463 1249 600 1307; x_wconf 89' lang='lat' dir='ltr'>sine</span> <span class='ocrx_word' id='word_1_5' title='bbox 640 1248 855 1326; x_wconf 89' lang='lat' dir='ltr'>aliquo</span> <span class='ocrx_word' id='word_1_6' title='bbox 894 1248 1130 1307; x_wconf 89' lang='lat' dir='ltr'>timore</span> <span class='ocrx_word' id='word_1_7' title='bbox 1168 1249 1489 1327; x_wconf 81' lang='lat' dir='ltr'>primitias</span> <span class='ocrx_word' id='word_1_8' title='bbox 1513 1268 1689 1308; x_wconf 90' lang='lat' dir='ltr'>meas</span> <span class='ocrx_word' id='word_1_9' title='bbox 1713 1250 1893 1308; x_wconf 68' lang='lat' dir='ltr'>vobis</span> <span class='ocrx_word' id='word_1_10' title='bbox 1917 1251 2119 1325; x_wconf 75' lang='lat' dir='ltr'>trado7</span> <span class='ocrx_word' id='word_1_11' title='bbox 2159 1272 2270 1330; x_wconf 84' lang='lat' dir='ltr'>pu·</span> 
     </span>
     <span class='ocr_line' id='line_1_3' title="bbox 253 1349 2269 1428; baseline 0.001 -19"><span class='ocrx_word' id='word_1_12' title='bbox 253 1351 552 1426; x_wconf 87' lang='lat' dir='ltr'>blicoque</span> <span class='ocrx_word' id='word_1_13' title='bbox 600 1349 910 1408; x_wconf 91' lang='lat' dir='ltr'>submitto</span> <span class='ocrx_word' id='word_1_14' title='bbox 960 1349 1219 1423; x_wconf 78' lang='lat' dir='ltr'>iudicio⁷</span> <span class='ocrx_word' id='word_1_15' title='bbox 1280 1368 1443 1428; x_wconf 92' lang='lat' dir='ltr'>quae</span> <span class='ocrx_word' id='word_1_16' title='bbox 1497 1351 1710 1410; x_wconf 89' lang='lat' dir='ltr'>animi·</span> <span class='ocrx_word' id='word_1_17' title='bbox 1746 1352 2023 1410; x_wconf 77' lang='lat' dir='ltr'>anxietas</span> <span class='ocrx_word' id='word_1_18' title='bbox 2071 1354 2141 1411; x_wconf 89' lang='lat' dir='ltr'>in</span> <span class='ocrx_word' id='word_1_19' title='bbox 2193 1372 2269 1412; x_wconf 95' lang='lat' dir='ltr'>eo</span> 
     </span>
     <span class='ocr_line' id='line_1_4' title="bbox 253 1446 2271 1527; baseline 0.003 -23"><span class='ocrx_word' id='word_1_20' title='bbox 253 1446 434 1505; x_wconf 85' lang='lat' dir='ltr'>facile</span> <span class='ocrx_word' id='word_1_21' title='bbox 458 1468 461 1471; x_wconf 54' lang='lat'><strong>⁴</strong></span> <span class='ocrx_word' id='word_1_22' title='bbox 486 1446 607 1504; x_wconf 90' lang='lat' dir='ltr'>erit</span> <span class='ocrx_word' id='word_1_23' title='bbox 655 1446 1037 1520; x_wconf 79' lang='lat' dir='ltr'>excusanda⁷</span> <span class='ocrx_word' id='word_1_24' title='bbox 1091 1448 1202 1525; x_wconf 94' lang='lat' dir='ltr'>qui</span> <span class='ocrx_word' id='word_1_25' title='bbox 1247 1448 1459 1525; x_wconf 90' lang='lat' dir='ltr'>prima</span> <span class='ocrx_word' id='word_1_26' title='bbox 1509 1449 1579 1506; x_wconf 93' lang='lat' dir='ltr'>in</span> <span class='ocrx_word' id='word_1_27' title='bbox 1625 1449 1987 1507; x_wconf 87' lang='lat' dir='ltr'>litterarum</span> <span class='ocrx_word' id='word_1_28' title='bbox 2035 1467 2271 1527; x_wconf 86' lang='lat' dir='ltr'>campo</span> 
     </span>
     <span class='ocr_line' id='line_1_5' title="bbox 255 1543 2269 1622; baseline 0.003 -22"><span class='ocrx_word' id='word_1_29' title='bbox 255 1543 752 1620; x_wconf 86' lang='lat' dir='ltr'>locupletissimo</span> <span class='ocrx_word' id='word_1_30' title='bbox 793 1543 1115 1603; x_wconf 87' lang='lat' dir='ltr'>scribendi</span> <span class='ocrx_word' id='word_1_31' title='bbox 1154 1545 1325 1603; x_wconf 90' lang='lat' dir='ltr'>subit</span> <span class='ocrx_word' id='word_1_32' title='bbox 1363 1545 1659 1622; x_wconf 90' lang='lat' dir='ltr'>pericula.</span> <span class='ocrx_word' id='word_1_33' title='bbox 1736 1545 1829 1603; x_wconf 90' lang='lat' dir='ltr'>Eo</span> <span class='ocrx_word' id='word_1_34' title='bbox 1872 1547 2069 1620; x_wconf 90' lang='lat' dir='ltr'>magis</span> <span class='ocrx_word' id='word_1_35' title='bbox 2096 1547 2269 1606; x_wconf 89' lang='lat' dir='ltr'>haec</span> 
     </span>
     <span class='ocr_line' id='line_1_6' title="bbox 254 1641 2269 1721; baseline 0.002 -23"><span class='ocrx_word' id='word_1_36' title='bbox 254 1658 399 1698; x_wconf 87' lang='lat' dir='ltr'>mea</span> <span class='ocrx_word' id='word_1_37' title='bbox 437 1641 840 1718; x_wconf 78' lang='lat' dir='ltr'>perturbatio</span> <span class='ocrx_word' id='word_1_38' title='bbox 875 1651 1156 1717; x_wconf 80' lang='lat' dir='ltr'>augetur,</span> <span class='ocrx_word' id='word_1_39' title='bbox 1198 1662 1403 1721; x_wconf 89' lang='lat' dir='ltr'>quum</span> <span class='ocrx_word' id='word_1_40' title='bbox 1442 1641 1714 1699; x_wconf 88' lang='lat' dir='ltr'>eandem</span> <span class='ocrx_word' id='word_1_41' title='bbox 1752 1642 1888 1701; x_wconf 87' lang='lat' dir='ltr'>fere</span> <span class='ocrx_word' id='word_1_42' title='bbox 1925 1644 2087 1701; x_wconf 90' lang='lat' dir='ltr'>mihi</span> <span class='ocrx_word' id='word_1_43' title='bbox 2117 1645 2269 1718; x_wconf 89' lang='lat' dir='ltr'>elegi</span> 
     </span>
     <span class='ocr_line' id='line_1_7' title="bbox 256 1723 2268 1818; baseline 0.002 -23"><span class='ocrx_word' id='word_1_44' title='bbox 256 1723 712 1797; x_wconf 83' lang='lat' dir='ltr'>dissertationis</span> <span class='ocrx_word' id='word_1_45' title='bbox 749 1739 1112 1814; x_wconf 81' lang='lat' dir='ltr'>materiem,</span> <span class='ocrx_word' id='word_1_46' title='bbox 1164 1760 1362 1818; x_wconf 90' lang='lat' dir='ltr'>quam</span> <span class='ocrx_word' id='word_1_47' title='bbox 1418 1740 1794 1816; x_wconf 86' lang='lat' dir='ltr'>nuperrime</span> <span class='ocrx_word' id='word_1_48' title='bbox 1848 1739 1970 1800; x_wconf 90' lang='lat' dir='ltr'>Cel.</span> <span class='ocrx_word' id='word_1_49' title='bbox 2010 1744 2268 1817; x_wconf 74' lang='lat' dir='ltr'>Adolplz.</span> 
     </span>
     <span class='ocr_line' id='line_1_8' title="bbox 253 1818 2267 1914; baseline 0 -21"><span class='ocrx_word' id='word_1_50' title='bbox 253 1837 316 1893; x_wconf 90' lang='lat' dir='ltr'><strong><em>F</em></strong></span> <span class='ocrx_word' id='word_1_51' title='bbox 313 1838 425 1892; x_wconf 71' lang='lat' dir='ltr'>ank</span> <span class='ocrx_word' id='word_1_52' title='bbox 463 1833 630 1893; x_wconf 89' lang='lat' dir='ltr'>libro</span> <span class='ocrx_word' id='word_1_53' title='bbox 654 1818 1036 1893; x_wconf 45' lang='lat' dir='ltr'>‘doctissimo</span> <span class='ocrx_word' id='word_1_54' title='bbox 1075 1850 1456 1914; x_wconf 87' lang='lat' dir='ltr'>summaque</span> <span class='ocrx_word' id='word_1_55' title='bbox 1494 1836 1811 1894; x_wconf 90' lang='lat' dir='ltr'>instructo</span> <span class='ocrx_word' id='word_1_56' title='bbox 1860 1837 2165 1909; x_wconf 84' lang='lat' dir='ltr'>elegantia</span> <span class='ocrx_word' id='word_1_57' title='bbox 2203 1837 2267 1893; x_wconf 90' lang='lat' dir='ltr'>il-</span> 
     </span>
     <span class='ocr_line' id='line_1_9' title="bbox 254 1926 2266 2006; baseline 0.001 -20"><span class='ocrx_word' id='word_1_58' title='bbox 254 1927 558 1986; x_wconf 79' lang='lat' dir='ltr'>lustravit.</span> <span class='ocrx_word' id='word_1_59' title='bbox 635 1927 856 1984; x_wconf 86' lang='lat' dir='ltr'>Manet</span> <span class='ocrx_word' id='word_1_60' title='bbox 904 1946 1058 1984; x_wconf 82' lang='lat' dir='ltr'>vero</span> <span class='ocrx_word' id='word_1_61' title='bbox 1108 1927 1405 1984; x_wconf 92' lang='lat' dir='ltr'>solatium</span> <span class='ocrx_word' id='word_1_62' title='bbox 1452 1926 1831 2004; x_wconf 85' lang='lat' dir='ltr'>tristemque</span> <span class='ocrx_word' id='word_1_63' title='bbox 1878 1949 1984 1988; x_wconf 89' lang='lat' dir='ltr'>me</span> <span class='ocrx_word' id='word_1_64' title='bbox 2033 1932 2266 2006; x_wconf 80' lang='lat' dir='ltr'>arrigit⁷</span> 
     </span>
     <span class='ocr_line' id='line_1_10' title="bbox 253 2022 2265 2101; baseline 0.002 -19"><span class='ocrx_word' id='word_1_65' title='bbox 253 2024 504 2083; x_wconf 90' lang='lat' dir='ltr'>infinita</span> <span class='ocrx_word' id='word_1_66' title='bbox 544 2041 675 2080; x_wconf 90' lang='lat' dir='ltr'>esse</span> <span class='ocrx_word' id='word_1_67' title='bbox 712 2031 985 2081; x_wconf 89' lang='lat' dir='ltr'>naturae</span> <span class='ocrx_word' id='word_1_68' title='bbox 1036 2042 1234 2100; x_wconf 89' lang='lat' dir='ltr'>opera</span> <span class='ocrx_word' id='word_1_69' title='bbox 1275 2022 1486 2080; x_wconf 73' lang='lat' dir='ltr'>divina</span> <span class='ocrx_word' id='word_1_70' title='bbox 1526 2032 1717 2101; x_wconf 92' lang='lat' dir='ltr'>atque</span> <span class='ocrx_word' id='word_1_71' title='bbox 1757 2025 2095 2100; x_wconf 75' lang='lat' dir='ltr'>immensa7</span> <span class='ocrx_word' id='word_1_72' title='bbox 2143 2029 2265 2086; x_wconf 86' lang='lat' dir='ltr'>nec</span> 
     </span>
     <span class='ocr_line' id='line_1_11' title="bbox 255 2117 2265 2201; baseline 0.003 -24"><span class='ocrx_word' id='word_1_73' title='bbox 255 2121 469 2199; x_wconf 87' lang='lat' dir='ltr'>primo</span> <span class='ocrx_word' id='word_1_74' title='bbox 509 2138 765 2196; x_wconf 85' lang='lat' dir='ltr'>semper</span> <span class='ocrx_word' id='word_1_75' title='bbox 802 2118 1209 2193; x_wconf 88' lang='lat' dir='ltr'>intelligenda</span> <span class='ocrx_word' id='word_1_76' title='bbox 1249 2117 1568 2197; x_wconf 78' lang='lat' dir='ltr'>adspectu⁷</span> <span class='ocrx_word' id='word_1_77' title='bbox 1631 2140 2013 2201; x_wconf 88' lang='lat' dir='ltr'>semperque</span> <span class='ocrx_word' id='word_1_78' title='bbox 2053 2123 2265 2183; x_wconf 89' lang='lat' dir='ltr'>adhuc</span> 
     </span>
     <span class='ocr_line' id='line_1_12' title="bbox 260 2215 2263 2298; baseline 0.002 -23"><span class='ocrx_word' id='word_1_79' title='bbox 260 2215 575 2296; x_wconf 85' lang='lat' dir='ltr'>quaedam</span> <span class='ocrx_word' id='word_1_80' title='bbox 613 2215 890 2293; x_wconf 89' lang='lat' dir='ltr'>relinqui</span> <span class='ocrx_word' id='word_1_81' title='bbox 926 2215 1221 2274; x_wconf 90' lang='lat' dir='ltr'>humano</span> <span class='ocrx_word' id='word_1_82' title='bbox 1273 2217 1528 2291; x_wconf 88' lang='lat' dir='ltr'>ingenio</span> <span class='ocrx_word' id='word_1_83' title='bbox 1569 2219 2032 2294; x_wconf 90' lang='lat' dir='ltr'>perscrutanda</span> <span class='ocrx_word' id='word_1_84' title='bbox 2072 2230 2263 2298; x_wconf 90' lang='lat' dir='ltr'>atque</span> 
     </span>
     <span class='ocr_line' id='line_1_13' title="bbox 260 2299 2264 2393; baseline 0.001 -22"><span class='ocrx_word' id='word_1_85' title='bbox 260 2311 682 2392; x_wconf 89' lang='lat' dir='ltr'>disquirenda.</span> <span class='ocrx_word' id='word_1_86' title='bbox 763 2299 1010 2387; x_wconf 85' lang='lat' dir='ltr'>Quibus</span> <span class='ocrx_word' id='word_1_87' title='bbox 1051 2312 1326 2372; x_wconf 85' lang='lat' dir='ltr'>confisus</span> <span class='ocrx_word' id='word_1_88' title='bbox 1365 2314 1526 2371; x_wconf 87' lang='lat' dir='ltr'>haec</span> <span class='ocrx_word' id='word_1_89' title='bbox 1563 2334 1767 2392; x_wconf 91' lang='lat' dir='ltr'>pauca</span> <span class='ocrx_word' id='word_1_90' title='bbox 1797 2317 2146 2393; x_wconf 78' lang='lat' dir='ltr'>conscripsi</span> <span class='ocrx_word' id='word_1_91' title='bbox 2186 2317 2264 2374; x_wconf 93' lang='lat' dir='ltr'>de</span> 
     </span>
     <span class='ocr_line' id='line_1_14' title="bbox 259 2409 2263 2491; baseline 0.001 -23"><span class='ocrx_word' id='word_1_92' title='bbox 259 2409 673 2468; x_wconf 88' lang='lat' dir='ltr'>Salamandra</span> <span class='ocrx_word' id='word_1_93' title='bbox 717 2410 1029 2482; x_wconf 73' lang='lat' dir='ltr'>terrestri7</span> <span class='ocrx_word' id='word_1_94' title='bbox 1099 2410 1544 2488; x_wconf 80' lang='lat' dir='ltr'>imperfectam</span> <span class='ocrx_word' id='word_1_95' title='bbox 1597 2410 1858 2487; x_wconf 90' lang='lat' dir='ltr'>quidem</span> <span class='ocrx_word' id='word_1_96' title='bbox 1904 2412 2263 2491; x_wconf 86' lang='lat' dir='ltr'>rudemque</span> 
     </span>
     <span class='ocr_line' id='line_1_15' title="bbox 261 2506 2261 2584; baseline 0.001 -18"><span class='ocrx_word' id='word_1_97' title='bbox 261 2508 550 2584; x_wconf 75' lang='lat' dir='ltr'>opellam,</span> <span class='ocrx_word' id='word_1_98' title='bbox 596 2507 698 2579; x_wconf 81' lang='lat' dir='ltr'>ita,</span> <span class='ocrx_word' id='word_1_99' title='bbox 746 2515 820 2564; x_wconf 93' lang='lat' dir='ltr'>ut</span> <span class='ocrx_word' id='word_1_100' title='bbox 857 2507 1060 2565; x_wconf 89' lang='lat' dir='ltr'>multa</span> <span class='ocrx_word' id='word_1_101' title='bbox 1099 2506 1310 2564; x_wconf 88' lang='lat' dir='ltr'>adhuc</span> <span class='ocrx_word' id='word_1_102' title='bbox 1357 2506 1713 2581; x_wconf 90' lang='lat' dir='ltr'>indaganda</span> <span class='ocrx_word' id='word_1_103' title='bbox 1763 2517 1826 2566; x_wconf 93' lang='lat' dir='ltr'>et</span> <span class='ocrx_word' id='word_1_104' title='bbox 1865 2508 2261 2567; x_wconf 83' lang='lat' dir='ltr'>observanda</span> 
     </span>
     <span class='ocr_line' id='line_1_16' title="bbox 258 2602 2258 2682; baseline 0 -19"><span class='ocrx_word' id='word_1_105' title='bbox 258 2605 386 2664; x_wconf 91' lang='lat' dir='ltr'>sint</span> <span class='ocrx_word' id='word_1_106' title='bbox 422 2602 685 2679; x_wconf 89' lang='lat' dir='ltr'>reliqua:</span> <span class='ocrx_word' id='word_1_107' title='bbox 738 2622 864 2681; x_wconf 92' lang='lat' dir='ltr'>qua</span> <span class='ocrx_word' id='word_1_108' title='bbox 910 2612 1130 2661; x_wconf 90' lang='lat' dir='ltr'>tamen</span> <span class='ocrx_word' id='word_1_109' title='bbox 1181 2605 1655 2663; x_wconf 74' lang='lat' dir='ltr'>observationes</span> <span class='ocrx_word' id='word_1_110' title='bbox 1695 2604 2003 2682; x_wconf 90' lang='lat' dir='ltr'>quasdam</span> <span class='ocrx_word' id='word_1_111' title='bbox 2042 2606 2118 2665; x_wconf 93' lang='lat' dir='ltr'>de</span> <span class='ocrx_word' id='word_1_112' title='bbox 2159 2605 2258 2664; x_wconf 89' lang='lat' dir='ltr'>ad-</span> 
     </span>
     <span class='ocr_line' id='line_1_17' title="bbox 260 2697 2256 2777; baseline 0 -19"><span class='ocrx_word' id='word_1_113' title='bbox 260 2697 558 2758; x_wconf 84' lang='lat' dir='ltr'>mirando</span> <span class='ocrx_word' id='word_1_114' title='bbox 605 2697 733 2755; x_wconf 88' lang='lat' dir='ltr'>hoc</span> <span class='ocrx_word' id='word_1_115' title='bbox 781 2700 1037 2757; x_wconf 89' lang='lat' dir='ltr'>animali</span> <span class='ocrx_word' id='word_1_116' title='bbox 1096 2699 1436 2774; x_wconf 83' lang='lat' dir='ltr'>Gottingae</span> <span class='ocrx_word' id='word_1_117' title='bbox 1492 2701 1811 2760; x_wconf 89' lang='lat' dir='ltr'>institutas</span> <span class='ocrx_word' id='word_1_118' title='bbox 1859 2712 2087 2760; x_wconf 92' lang='lat' dir='ltr'>notatu</span> <span class='ocrx_word' id='word_1_119' title='bbox 2136 2702 2256 2777; x_wconf 90' lang='lat' dir='ltr'>dig-</span> 
     </span>
     <span class='ocr_line' id='line_1_18' title="bbox 260 2794 2255 2872; baseline 0.001 -17"><span class='ocrx_word' id='word_1_120' title='bbox 260 2797 473 2856; x_wconf 86' lang='lat' dir='ltr'>niores</span> <span class='ocrx_word' id='word_1_121' title='bbox 513 2794 842 2872; x_wconf 80' lang='lat' dir='ltr'>publicavi.</span> <span class='ocrx_word' id='word_1_122' title='bbox 917 2796 1116 2854; x_wconf 81' lang='lat' dir='ltr'>Decet</span> <span class='ocrx_word' id='word_1_123' title='bbox 1156 2797 1329 2854; x_wconf 88' lang='lat' dir='ltr'>enim</span> <span class='ocrx_word' id='word_1_124' title='bbox 1368 2797 1673 2871; x_wconf 78' lang='lat' dir='ltr'>tironem,</span> <span class='ocrx_word' id='word_1_125' title='bbox 1720 2808 2021 2857; x_wconf 88' lang='lat' dir='ltr'>naturam</span> <span class='ocrx_word' id='word_1_126' title='bbox 2059 2798 2255 2872; x_wconf 82' lang='lat' dir='ltr'>magis</span> 
     </span>
     <span class='ocr_line' id='line_1_19' title="bbox 264 2892 2255 2971; baseline 0 -19"><span class='ocrx_word' id='word_1_127' title='bbox 264 2893 457 2970; x_wconf 82' lang='lat' dir='ltr'>sequi⁷</span> <span class='ocrx_word' id='word_1_128' title='bbox 498 2893 755 2968; x_wconf 80' lang='lat' dir='ltr'>ejusque</span> <span class='ocrx_word' id='word_1_129' title='bbox 794 2892 1021 2965; x_wconf 90' lang='lat' dir='ltr'>regulis</span> <span class='ocrx_word' id='word_1_130' title='bbox 1059 2893 1129 2950; x_wconf 91' lang='lat' dir='ltr'>in</span> <span class='ocrx_word' id='word_1_131' title='bbox 1169 2893 1643 2952; x_wconf 85' lang='lat' dir='ltr'>conscribendis</span> <span class='ocrx_word' id='word_1_132' title='bbox 1682 2895 1901 2953; x_wconf 89' lang='lat' dir='ltr'>libellis</span> <span class='ocrx_word' id='word_1_133' title='bbox 1935 2896 2255 2971; x_wconf 91' lang='lat' dir='ltr'>obtempe-</span> 
     </span>
     <span class='ocr_line' id='line_1_20' title="bbox 263 2989 2256 3065; baseline 0.001 -17"><span class='ocrx_word' id='word_1_134' title='bbox 263 3007 424 3060; x_wconf 79' lang='lat' dir='ltr'>rare7</span> <span class='ocrx_word' id='word_1_135' title='bbox 464 3007 660 3064; x_wconf 89' lang='lat' dir='ltr'>quam</span> <span class='ocrx_word' id='word_1_136' title='bbox 698 3007 894 3045; x_wconf 81' lang='lat' dir='ltr'>novas</span> <span class='ocrx_word' id='word_1_137' title='bbox 934 2996 1209 3046; x_wconf 85' lang='lat' dir='ltr'>statuere</span> <span class='ocrx_word' id='word_1_138' title='bbox 1250 2989 1545 3062; x_wconf 71' lang='lat' dir='ltr'>theoriaS,</span> <span class='ocrx_word' id='word_1_139' title='bbox 1584 2991 1757 3048; x_wconf 89' lang='lat' dir='ltr'>nulla</span> <span class='ocrx_word' id='word_1_140' title='bbox 1780 2990 2120 3065; x_wconf 84' lang='lat' dir='ltr'>gaudentes</span> <span class='ocrx_word' id='word_1_141' title='bbox 2159 3009 2256 3049; x_wconf 84' lang='lat' dir='ltr'>ve-</span> 
     </span>
     <span class='ocr_line' id='line_1_21' title="bbox 262 3083 2253 3162; baseline -0.001 -17"><span class='ocrx_word' id='word_1_142' title='bbox 262 3088 464 3155; x_wconf 75' lang='lat' dir='ltr'>ritate,</span> <span class='ocrx_word' id='word_1_143' title='bbox 505 3093 615 3142; x_wconf 89' lang='lat' dir='ltr'>aut</span> <span class='ocrx_word' id='word_1_144' title='bbox 653 3102 739 3156; x_wconf 85' lang='lat' dir='ltr'>ea,</span> <span class='ocrx_word' id='word_1_145' title='bbox 782 3102 942 3160; x_wconf 91' lang='lat' dir='ltr'>quae</span> <span class='ocrx_word' id='word_1_146' title='bbox 984 3083 1184 3143; x_wconf 90' lang='lat' dir='ltr'>decies</span> <span class='ocrx_word' id='word_1_147' title='bbox 1222 3087 1352 3159; x_wconf 85' lang='lat' dir='ltr'>jam</span> <span class='ocrx_word' id='word_1_148' title='bbox 1386 3087 1656 3162; x_wconf 86' lang='lat' dir='ltr'>repetita</span> <span class='ocrx_word' id='word_1_149' title='bbox 1694 3087 1835 3157; x_wconf 76' lang='lat' dir='ltr'>sint⁷</span> <span class='ocrx_word' id='word_1_150' title='bbox 1876 3087 2004 3145; x_wconf 88' lang='lat' dir='ltr'>aliis</span> <span class='ocrx_word' id='word_1_151' title='bbox 2028 3088 2253 3146; x_wconf 88' lang='lat' dir='ltr'>solum·</span> 
     </span>
    </p>
   </div>
  </div>
 </body>
</html>
