2401 3380
1009 220 1343 264 -16—

184 353 279 402 telli
304 369 441 419 parva
465 348 597 415 copia
620 346 828 396 instructi
855 358 899 396 et
932 347 1141 414 placenta
1172 357 1399 404 carentes,
1429 357 1640 396 crescunt
1672 358 1716 396 et
1749 350 2014 399 servantur?
2079 351 2173 398 Na-

184 447 287 483 tura
312 434 499 481 forsitan
525 432 689 487 foetus,
712 441 856 478 matre
881 431 1047 497 hyeme
1072 429 1343 486 dormiente,
1367 428 1423 477 ad
1442 430 1633 479 similem
1654 449 1868 496 soporem
1883 450 2046 497 cogere
2064 431 2175 490 vult,

183 527 232 563 et
256 534 312 563 eo
336 515 490 562 minor
512 512 780 560 nutrimenti
805 513 938 578 copia
963 512 1173 578 porrigit,
1196 531 1361 560 eorum
1387 511 1648 559 evolutione
1673 511 1730 559 ad
1755 514 2005 562 Octobrem
2030 533 2178 580 usque

187 594 323 662 plane
348 595 562 661 perfecta.
632 596 755 641 Vere
780 593 938 659 tepido
961 605 1108 641 mater
1132 613 1157 641 e
1182 613 1345 641 somno
1371 594 1556 641 excitata
1580 594 1777 659 primam
1802 596 1988 661 suscipit
2010 614 2179 651 curam,

186 677 434 744 foetusque
458 674 767 724 maturitatem
792 675 885 738 jam
910 674 1089 723 dudum
1114 674 1305 741 adeptos
1330 675 1377 723 in
1402 674 1504 723 loco
1528 672 1748 724 incolumi
1774 675 1977 743 deponit.

1104 759 1142 819 §-
1196 762 1268 805 15.

320 841 432 890 Julii
466 859 623 887 mense
658 838 776 887 duos
809 850 965 887 uteros
1000 837 1402 888 Salamandrarum
1434 849 1538 885 terr.
1573 839 1669 887 ovis
1705 839 1923 901 (sedecim
1951 856 2101 905 usque
2126 837 2185 886 ad

185 922 344 988 viginti
376 922 423 969 in
457 921 657 987 singulo>
693 920 892 986 repletos
926 919 1212 977 observandi,
1245 921 1421 968 occasio
1457 939 1504 968 se
1542 920 1655 968 mihi
1689 922 1868 980 obtulit,
1903 941 1959 970 an
1986 921 2061 969 illa
2086 921 2184 968 soe-

184 1002 385 1052 cundata
410 1013 559 1050 essent
593 1021 680 1049 nec
704 1020 774 1056 ne,
800 1002 858 1048 ‘in
885 1001 1028 1048 dubio
1060 1002 1175 1048 mihi
1209 1001 1309 1048 fuit.
1378 999 1625 1049 Rationem
1658 1013 1703 1049 et
1725 1014 1910 1068 tempus
1934 1001 2207 1051 foecunda-s

188 1085 324 1132 tionis
348 1084 396 1131 in
419 1082 726 1131 Salamandris
752 1101 835 1129 nos
859 1082 996 1148 plane
1019 1083 1297 1148 ignoramus.
1366 1082 1530 1130 Illustr.
1563 1084 1634 1131 vir
1657 1083 1859 1131 Rathlre
1892 1103 1946 1132 ex
1978 1083 2185 1149 analogia

190 1183 469 1231 organorum
494 1163 746 1211 sexualium
773 1182 873 1210 eam
892 1163 1086 1210 similem
1112 1163 1254 1211 credit
1272 1163 1617 1211 foecundationi
1641 1166 1889 1213 Tritonum
1905 1166 1954 1225 ¹).
2000 1169 2185 1230 Aquam

188 1266 300 1295 vero
325 1244 660 1302 Salamandrae,
684 1256 729 1292 et
751 1264 900 1293 mares
925 1256 970 1292 et
994 1245 1224 1293 foeminae
1249 1246 1418 1292 intrare
1444 1257 1629 1293 coactae
1656 1258 1818 1302 essent,
1852 1247 1888 1293 si
1913 1246 2012 1309 ejus
2035 1246 2186 1295 verbis

189 1328 330 1376 fidem
355 1326 526 1389 hab-ere
551 1346 803 1392 possemus,
828 1346 935 1374 nam
956 1346 1076 1392 aqua
1101 1326 1343 1375 auxiliante
1368 1326 1518 1375 solum
1548 1327 1648 1375 talis
1672 1327 1973 1375 foecundatio
1997 1328 2188 1393 perfice-

190 1422 318 1458 retur
337 1411 387 1470 2).
460 1408 552 1457 Sed
578 1408 941 1474 nullotempore
966 1408 1287 1458 Salamandrae
1313 1409 1359 1456 in
1386 1428 1505 1475 aqua
1528 1409 1840 1467 inveniuntur,
1863 1427 2017 1474 neque
2040 1427 2189 1456 mares

190 1492 249 1539 ad
276 1509 431 1538 semen
459 1489 774 1546 emittendum,
813 1510 968 1556 neque
1000 1492 1233 1539 foeminae
1265 1490 1320 1539 ad
1356 1491 1507 1539 foetus
1542 1491 1746 1539 edendos
1782 1501 1827 1539 et
1859 1509 2014 1539 semen
2041 1508 2188 1556 aquae

194 1572 444 1622 admixtum
474 1590 562 1619 ano
588 1571 934 1620 resorbendum.

1109 1655 1147 1715 ἓ.
1202 1658 1275 1703 16,

326 1735 490 1792 Doleo,
515 1754 590 1783 me
615 1754 700 1800 per
724 1735 863 1793 breve
899 1747 1076 1783 tantum
1103 1748 1287 1802 tempus
1313 1737 1558 1804 Gottingae
1583 1749 1828 1797 moratum,
1857 1737 1933 1786 illa
1957 1748 2192 1785 momenta

197 1839 222 1867 e
248 1816 648 1868 Salamandrarum
672 1816 859 1864 historia
885 1836 978 1865 non
1006 1818 1108 1865 satis
1134 1818 1286 1865 adhuc
1311 1818 1606 1883 indagavisse,
1632 1839 1767 1884 spero
1794 1831 1960 1876 autem,
1995 1821 2108 1876 fore,
2141 1829 2195 1865 ut

196 1901 244 1947 in
280 1910 517 1964 posterum
551 1898 623 1942 alii
656 1896 930 1942 Academiae
966 1900 1193 1960 Georgiae
1225 1902 1461 1960 Augustae
1501 1900 1619 1944 cives
1661 1899 1816 1944 denuo
1849 1898 2190 1946 Sal‘amandra‘m

197 1979 453 2028 mirabilem
473 1977 743 2034 examinent,
765 1975 1007 2041 nobisque,
1033 1987 1260 2041 quantum
1278 1976 1466 2041 possint,
1491 1976 1668 2026 solvant
1685 1978 1996 2042 quaestiones:
2026 1980 2072 2038 1)
2097 1998 2192 2044 quo

198 2059 354 2115 modo,
380 2078 475 2124 quo
499 2070 709 2121 tempore
736 2069 781 2104 et
805 2077 900 2123 quo
924 2058 1027 2105 loco
1052 2076 1147 2105 mas
1167 2057 1489 2106 Salamandrae
1510 2070 1615 2106 terr.
1640 2058 1890 2106 foeminam
1916 2059 2193 2108 foecundet?

201 2146 250 2203 2)
284 2154 439 2191 utrum
474 2138 796 2187 salamandrae
830 2139 1042 2206 gravidae
1084 2139 1141 2187 ad
1183 2139 1442 2205 parendum
1478 2140 1525 2188 in
1569 2159 1736 2206 aquam
1767 2141 1939 2188 intrent
1979 2161 2066 2190 nec
2106 2142 2194 2190 ne?

202 2228 253 2283 3)
287 2243 378 2289 qua
410 2222 586 2269 ratione
619 2221 801 2293 sanguis
830 2222 1042 2269 foetuum
1077 2222 1123 2269 in
1157 2233 1290 2269 utero
1321 2222 1696 2271 absconditorum
1732 2223 1828 2272 sine
1853 2223 2115 2291 erythroide
2148 2235 2194 2270 et

202 2306 409 2371 placenta
435 2322 596 2351 eorum
615 2303 732 2352 vitae
758 2307 1008 2353 servandae
1032 2303 1227 2353 idoneus
1252 2303 1499 2353 reddatur?

1882 2373 2091 2419 CAPUT
2113 2374 2190 2419 III.

204 2523 290 2548 aves
318 2517 463 2556 contra,
493 2509 651 2547 lacertae
688 2516 726 2547 et
757 2522 898 2562 angues
927 2517 1030 2547 tanta
1053 2509 1173 2547 vitelli
1204 2510 1313 2561 copia
1343 2510 1548 2548 instructae
1580 2515 1677 2556 sunt,
1708 2516 1749 2547 ut
1778 2509 1908 2561 primis
1942 2509 2072 2549 diebus
2104 2517 2191 2562 post

203 2580 354 2624 partum
384 2572 470 2610 cibo
499 2571 606 2609 facile
637 2586 764 2610 carere
792 2572 952 2624 possint,
984 2573 1030 2611 de
1059 2572 1180 2610 vitelli
1210 2572 1378 2623 reliquiis
1406 2574 1588 2612 viventes.

312 2646 346 2696 1)
380 2646 557 2699 Βρίῐτὶὶςε
594 2661 661 2683 zur
700 2646 930 2685 Geschichte
969 2646 1036 2684 der
1065 2646 1288 2686 Thierwclt.
1317 2648 1408 2685 Pars
1437 2649 1463 2686 l.
1519 2645 1651 2684 Ueber
1687 2646 1745 2684 die
1774 2647 1983 2685 Urodelen.
2009 2659 2094 2697 pag.
2128 2646 2190 2684 95⁷.

206 2709 306 2757 „leh
333 2708 530 2748 vermuthe
559 2723 622 2747 aus
655 2709 776 2748 ihrem
810 2710 878 2747 mit
906 2710 990 2748 dem
1021 2711 1088 2748 der
1120 2710 1309 2748 Tritonen
1339 2711 1389 2747 im
1424 2710 1584 2748 Ganzen
1615 2710 1932 2748 harmonirenden
1958 2710 2080 2755 Bane,
2110 2709 2191 2747 «lass

207 2773 289 2811 ihre
328 2774 545 2826 Begattung
588 2772 768 2812 ebcnsalls
814 2774 890 2811 und
934 2774 1000 2812 auf
1036 2773 1184 2829 gleiche
1222 2774 1362 2812 Weise
1402 2774 1454 2812 als
1500 2773 1558 2812 die
1601 2774 1667 2812 der
1709 2773 1899 2810 Tritonen
1933 2771 1984 2809 im
2027 2772 2192 2810 &Vasser

209 2835 396 2887 ersolge.“

316 2909 352 2958 2)
382 2912 622 2961 Spallanzani
653 2911 849 2951 Versuche
890 2910 984 2949 tiber
1023 2911 1082 2950 die
1117 2911 1351 2965 Erzeugung
1393 2912 1461 2950 der
1499 2911 1640 2951 Thiere
1677 2909 1755 2947 und
1785 2908 1977 2949 Pssanzen.
2032 2910 2192 2964 Leipzig

212 2971 329 3012 1806.
360 2973 449 3011 Pars
478 2974 505 3014 1.
535 2987 619 3026 pag.
638 2973 711 3013 ¹63.
