2401 3380
992 209 1329 251 ...13-

167 339 297 396 vulis,
331 356 445 402 quas
478 336 536 385 ad
569 336 777 384 animalia
810 334 1041 389 terrestria
1074 345 1251 383 coactas
1284 334 1343 396 (ἓ.
1370 336 1434 395 8.)
1466 346 1571 402 post
1603 353 1678 382 sex
1711 354 1891 383 menses
1926 335 2159 393 dissecavi,

169 420 348 469 ossiculi
384 439 516 468 crura
548 419 749 467 lateralia
780 418 962 485 longius
995 438 1043 467 se
1076 416 1376 466 extenderant
1408 428 1454 465 et
1494 437 1598 466 crus
1630 417 1836 466 medium
1869 417 2056 467 brevius
2096 428 2164 488 est

167 503 339 550 factum
366 502 419 564 ¹).

300 582 431 632 Idem
457 582 704 631 ossiculum
728 584 896 632 frustra
920 583 968 630 in
992 582 1264 631 Tritonibus
1289 581 1454 630 adultis
1476 581 1757 647 investigavi,
1788 599 1876 629 nec
1897 582 1944 629 in
1968 581 2162 629 Tritone

168 667 313 731 nigro,
338 685 424 712 nec
447 665 646 713 taeniato
671 685 826 731 neque
850 666 989 732 igneo
1013 664 1128 713 illud
1152 665 1308 714 inveni
1333 665 1387 726 2).

302 747 566 796 Ossiculum
598 767 709 797 vero
744 767 850 795 cum
884 748 1077 796 aliorum
1112 747 1379 795 animalium
1412 745 1583 792 ossium
1616 756 1842 792 structura
1878 762 2165 807 comparans,

170 828 487 878 rudimentum
512 829 709 897 laryngis
733 830 780 877 in
806 849 862 877 eo
886 829 1000 877 vidi:
1027 849 1174 895 quum
1199 829 1246 875 in
1271 828 1461 894 regione
1486 825 1686 892 glottidis
1705 846 1730 874 a
1748 838 1911 875 natura
1936 836 2053 873 esset
2076 824 2167 872 col·

166 910 392 967 locatum‚
434 911 543 958 novi
577 911 777 959 nominis
811 911 987 962 inventi
1019 911 1190 978 gloriae
1223 909 1350 959 haud
1386 908 1606 976 cupidu8,
1638 908 1922 968 „ossiculum
1962 908 2168 975 thyreo‘i·

166 989 334 1040 deum''
358 991 605 1042 nominavi.

1083 1062 1133 1135 ἓ.
1175 1078 1250 1122 19.

298 1157 598 1221 Quamquam
632 1175 683 1204 os
715 1153 974 1223 hyo'ideum
998 1154 1322 1204 Salamandrae
1354 1153 1536 1203 adultae
1568 1152 1662 1216 jam
1695 1155 1800 1202 satis
1827 1164 1945 1202 esset
1968 1152 2168 1201 delinea-

164 1247 265 1286 tum
286 1236 336 1296 3)‚
370 1238 671 1287 nihilominus
706 1238 1037 1287 exactissimam
1072 1237 1173 1303 ejus
1204 1249 1250 1286 et
1279 1237 1325 1286 in
1358 1237 1451 1286 hoc
1482 1236 1638 1304 opello
1672 1236 1827 1285 curavi
1849 1235 2095 1302 imaginem
2116 1237 2168 1296 4),

164 1331 217 1367 ut
248 1319 413 1367 melius
448 1340 553 1369 cum
592 1341 693 1370 osse
724 1319 933 1390 hyo'ideo
965 1319 1139 1376 cordvli
1181 1320 1439 1387 comparari
1471 1320 1627 1387 possit.
1695 1319 1783 1367 Vix
1818 1317 2058 1366 crederem
2092 1317 2169 1364 illa

165 1399 259 1449 duo
286 1421 386 1451 ossa
410 1404 448 1463 5)
479 1403 737 1470 inspiciens,
771 1423 922 1452 unum
955 1423 1008 1452 ex
1033 1402 1176 1452 altero
1202 1423 1299 1453 esse
1321 1414 1489 1463 ortum,
1522 1401 1605 1451 sed
1637 1421 1747 1450 cum
1771 1421 1822 1448 os
1845 1399 2106 1468 hyo‘ideum
2128 1397 2169 1459 ⁶)

162 1483 346 1531 illarum
378 1485 794 1543 Salamandrarum‚
829 1505 950 1553 quae
981 1485 1125 1534 modo
1159 1506 1245 1554 per
1272 1506 1349 1535 sex
1371 1505 1553 1535 menses
1575 1485 1624 1533 in
1647 1496 1768 1533 terra
1791 1484 2010 1538 vixerant,
2035 1499 2169 1528 accu-

164 1565 305 1613 ratius
331 1565 651 1633 explorassem,
683 1568 885 1635 singulas
917 1568 1104 1618 illorum
1138 1569 1311 1618 ossium
1344 1581 1496 1636 partes
1521 1566 1737 1635 aequales
1772 1566 1870 1614 sine
1896 1563 2023 1612 omni
2047 1562 2169 1611 disfi-

165 1647 332 1696 cultate
356 1649 563 1697 invenire
588 1650 733 1715 potui.

297 1732 354 1778 In
379 1731 472 1778 istis
496 1731 816 1788 Salamandris,
854 1752 968 1799 quas
996 1744 1109 1781 tunc
1132 1732 1342 1802 cordylos
1365 1733 1414 1782 in
1437 1744 1607 1782 terram
1630 1729 1839 1780 transtuli
1856 1731 1923 1794 (ἓ.
1939 1729 2017 1792 8.),
2041 1748 2169 1778 men·

164 1812 289 1859 sibus
322 1832 397 1860 sex
432 1813 772 1879 praeterlapsis,
810 1834 861 1861 os
895 1813 1156 1882 hyo'ideum
1193 1836 1246 1862 ex
1281 1835 1451 1863 novem
1487 1813 1691 1862 ossiculis
1725 1813 2034 1879 compositum
2058 1812 2171 1871 fuit;

163 1904 255 1940 tres
280 1893 429 1939 ultimi
454 1912 585 1939 arcus
607 1895 917 1947 branchiales,
947 1897 995 1936 in
1027 1895 1396 1956 Utroquelatere
1421 1895 1613 1941 omnino
1639 1906 1768 1939 erant
1799 1895 2015 1957 resorpti,
2046 1904 2091 1940 et
2115 1912 2168 1940 ex

165 1974 323 2040 primis
349 1973 546 2021 arcubus
570 1983 723 2038 partes
746 1971 987 2020 inferiores
1011 1971 1134 2020 solae
1159 1973 1421 2021 exstiterant
1446 1971 1497 2032 ⁷),
1521 1970 1870 2019 columellarum
1893 1973 1998 2020 finis
2016 1985 2168 2039 poste·

164 2056 261 2102 rior
282 2055 399 2102 liber
423 2065 540 2112 erat,
577 2053 777 2102 arcubus
802 2052 1016 2102 secundis
1040 2074 1210 2104 carens.
1280 2055 1328 2104 Si
1352 2053 1571 2121 paulatim
1596 2053 1773 2102 articuli
1797 2053 1896 2118 ejus
1922 2055 2033 2104 ossis
2057 2076 2168 2106 con—

165 2137 425 2196 crevissent,
448 2136 713 2186 rudimento
739 2155 870 2184 arcus
894 2136 1029 2203 primi
1053 2157 1148 2186 non
1173 2148 1398 2204 resorptO,
1424 2148 1470 2205 et
1493 2136 1841 2185 columellarum
1866 2136 2017 2204 apices
2034 2138 2166 2188 liberi

166 2219 203 2268 si
237 2239 343 2267 cum
377 2219 611 2268 cornubus
645 2218 903 2267 minoribus
937 2218 1234 2280 coaluissent,
1267 2221 1418 2268 forma
1450 2217 1660 2284 ejusdem
1695 2220 1807 2268 ossis
1829 2219 2020 2289 hyo'idei
2044 2221 2167 2271 Sala·

165 2300 386 2350 mandrae
410 2300 592 2350 adultae
624 2314 863 2370 procreata
888 2314 1018 2353 esset.

276 2463 288 2491 1
342 2465 386 2501 Fi
417 2495 426 2504 .
457 2465 519 2504 10.

273 2464 313 2578 23
342 2479 623 2566 IngTritonum
659 2530 820 2583 cordylis
851 2530 945 2569 illud
982 2529 1190 2569 ossiculum
1218 2530 1343 2579 adest,
1383 2531 1450 2570 sed
1478 2529 1779 2582 metamorphosi
1807 2539 1958 2583 peracta
1986 2532 2161 2584 disparet.

167 2591 256 2639 „La
294 2591 518 2643 disparition
546 2593 592 2630 de
634 2607 677 2631 ce
709 2594 806 2645 petit
836 2593 977 2632 osselet
1014 2601 1072 2632 est
1102 2607 1146 2631 ce
1175 2594 1241 2644 qui
1268 2595 1474 2648 accomplit
1503 2594 1537 2634 la
1565 2595 1924 2647 1netam0rphose.“
1977 2596 2160 2635 Rusconi:

167 2653 335 2692 Amours
363 2655 427 2693 des
456 2655 716 2695 Salamandres
745 2658 980 2709 aquatiques.
1018 2670 1104 2710 pag.
1137 2656 1202 2698 59.

273 2717 310 2768 3)
338 2718 444 2758 Funk
474 2719 499 2759 l.
532 2734 564 2760 c.
595 2719 690 2759 Tab.
719 2722 756 2759 2.
784 2721 870 2774 Fig.
901 2722 962 2760 17.

329 2783 365 2820 T
361 2797 510 2822 ownson
533 2784 579 2823 de
601 2782 800 2836 amphibiis
815 2783 932 2835 partis
947 2784 1103 2836 primae,
1119 2785 1165 2823 de
1181 2785 1446 2837 respiratione,
1462 2784 1713 2825 continuatio.
1744 2784 1920 2837 Gotting.
1946 2782 2062 2825 1794.
2077 2783 2157 2824 4t0.

168 2842 264 2882 Tab.
293 2844 320 2882 I.
355 2845 392 2885 1.

326 2908 462 2947 Cuoier
490 2908 762 2963 Vorlesungen
792 2909 889 2948 iiber
914 2909 1210 2964 vergleichende
1237 2911 1455 2953 Anatomie.
1482 2911 1599 2954 Tom.
1626 2912 1688 2952 111.
1719 2909 1816 2951 Tab.
1848 2911 1897 2950 11.
1925 2910 2009 2966 Fig.
2039 2913 2074 2952 9.

326 2972 449 3011 Carus
477 2973 694 3013 Zootomie.
724 2973 821 3011 Tab.
849 2973 944 3012 xm.
971 2974 1058 3027 Fig.
1087 2974 1124 3012 3.
1153 2987 1187 3014 a.

266 3030 304 3082 4)
333 3033 418 3087 rig.
448 3035 512 3076 15.
709 3035 748 3088 ⁵)
782 3036 869 3090 rig.
905 3035 968 3077 15.
997 3045 1037 3078 et
1066 3037 1128 3079 17.
1328 3039 1365 3090 ε)
1396 3037 1482 3093 rig.
1509 3036 1573 3078 16.
1774 3037 1812 3090 ⁷)
1841 3036 1930 3095 rig.
1956 3037 2024 3080 16.
2056 3052 2090 3078 e.
