2401 3380
1026 210 1344 256 -26-

183 346 456 417 productiva
481 344 605 394 enim
628 343 717 401 vis,
756 341 850 408 jam
874 342 1025 409 impar
1049 341 1233 390 amissas
1258 344 1411 407 partes
1437 341 1642 408 perfecte
1666 340 1962 399 restruendo,
2008 354 2053 392 et
2077 345 2190 411 pha-

187 427 344 493 langes
368 424 554 473 illorum
579 423 827 471 Tritonum
852 420 922 469 vix
946 418 1266 488 magnitudine
1297 416 1631 485 respondentes
1664 419 1968 488 phalangibus
2002 422 2192 488 primiti·

185 504 276 560 vis,
301 523 325 551 e
351 501 524 568 quibus
548 500 778 566 progeniti
803 511 933 557 sunt,
965 496 1274 556 restituendo,
1299 517 1354 546 eo
1379 497 1533 545 minus
1557 496 1700 546 valuit
1722 497 1770 544 in
1796 500 2085 564 serpentibus
2110 519 2193 548 no·

185 580 368 629 minatis
404 598 428 627 e
462 577 665 628 vulneris
697 575 848 625 fundo
882 588 987 644 post
1019 587 1206 643 partum
1240 587 1379 643 caput
1403 575 1599 624 alterum
1624 594 1799 624 novum
1825 574 1953 623 alteri
1977 578 2191 644 primige-

185 659 282 706 nito
308 655 591 704 simillimum
619 654 659 715 ¹)
692 665 737 702 et
772 655 1159 722 perfectissimum
1185 654 1433 720 effingere,
1467 652 1596 719 quod
1621 665 1802 702 tantum
1825 654 2101 703 miraculum
2126 674 2192 704 es-

184 746 253 784 set
275 732 639 800 adspiciendum,
663 745 890 798 quantum
914 731 1029 780 illud
1061 732 1108 779 in
1134 731 1432 797 Mythologia
1465 731 1524 778 de
1548 731 1712 794 Hydra
1736 735 1944 780 Lernaea
1969 732 2021 793 ²).
2076 735 2194 781 Eam

185 831 296 862 vero
343 810 688 859 conclusionem
721 829 982 858 asseverare
1015 828 1285 876 possumus,
1329 820 1482 876 partes
1515 807 1893 876 reproducendas
1926 828 1983 857 eo
2016 809 2195 858 facilius

186 887 470 956 respondere
495 888 673 935 formae
698 886 1048 953 conditionique
1073 888 1405 955 praescriptae,
1443 905 1539 953 quo
1573 887 1825 954 simplicius
1851 887 1940 935 sint
1964 888 2195 954 composi-

184 978 280 1024 tae,
323 976 463 1031 atque
509 984 566 1014 eo
613 963 847 1013 difficilius
891 964 1308 1032 imperfectiusque
1344 964 1541 1022 restitui,
1587 983 1682 1029 quo
1717 964 1929 1014 subtilius
1962 965 2052 1014 sint
2087 984 2194 1013 con·

186 1054 396 1092 structae.

320 1116 640 1167 Veresimilius
665 1117 797 1184 origo
821 1116 1009 1166 illorum
1033 1128 1348 1166 monstrorum
1374 1116 1616 1184 bicipitum
1642 1118 1855 1185 explicari
1879 1120 2060 1169 videtur
2084 1139 2110 1168 e
2128 1139 2197 1168 se—

187 1197 349 1263 quenti
374 1195 666 1259 conjectura:
701 1193 797 1243 duo
833 1195 1003 1243 scilicet
1028 1195 1164 1243 ovula
1189 1196 1236 1243 in
1261 1195 1421 1262 primis
1445 1195 1737 1262 temporibus
1761 1216 1810 1245 se
1834 1197 2030 1246 invicem
2055 1217 2196 1264 pene·

184 1275 349 1323 trantia
382 1273 471 1321 tale
505 1292 530 1320 e
566 1271 752 1321 duobus
777 1272 996 1322 coalitum
1021 1273 1189 1321 animal
1215 1273 1581 1322 conformavere.
1652 1274 1781 1323 Sicut
1805 1275 1929 1323 enim
1954 1277 2076 1324 duae
2101 1294 2197 1323 em—

186 1353 386 1420 bryones
413 1369 522 1399 cum
547 1350 695 1417 capite
720 1362 925 1418 utroque
949 1352 1194 1400 confluunt
1219 1370 1363 1417 seque
1388 1352 1690 1400 commiscent
1715 1351 1775 1413 ³),
1808 1352 1869 1400 ita
1902 1364 2054 1419 partes
2079 1351 2197 1400 duo·

187 1448 292 1477 rum
330 1429 639 1495 embryonum
671 1428 790 1476 infra
826 1440 967 1495 caput
999 1429 1191 1478 omnino
1226 1429 1483 1479 coalescere
1510 1441 1716 1496 possunt,
1742 1431 1890 1498 capite
1916 1429 2101 1497 duplice
2126 1444 2196 1478 re-'e

190 1516 419 1554 manente.

1098 1583 1138 1645 ἓ.
1197 1590 1277 1632 31.

323 1658 595 1726 Respiciens
625 1657 749 1707 varia
781 1658 1126 1726 amphibiorum
1169 1659 1344 1708 ordinis
1377 1671 1583 1710 monstra
1615 1673 1888 1728 sequentem
1923 1661 2195 1711 sententiam

190 1756 475 1804 proponam:
500 1737 546 1801 in
574 1735 820 1803 amphibiis
840 1736 947 1784 bina
968 1755 1137 1803 genera
1152 1739 1544 1788 monstrificorum
1559 1739 1827 1788 animalium
1852 1759 1938 1807 per
1961 1756 2197 1789 excessum

187 1815 497 1880 reperiuntur,
523 1812 651 1880 quod
678 1812 734 1861 ad
760 1815 984 1861 rationem
1011 1815 1218 1881 originis:

262 1892 308 1951 1)
327 1894 549 1944 Monstra,
575 1887 792 1936 confluxu
817 1884 1020 1934 duorum
1045 1885 1294 1934 ovulorum
1318 1891 1364 1935 in
1390 1891 1539 1954 prima
1565 1889 1842 1938 formatione
1867 1890 2127 1938 exorientia.

256 1967 308 2028 2)
327 1970 559 2022 Monstra,
590 1965 637 2012 in
672 1982 792 2029 quae
825 1962 1037 2011 animalia
1071 1963 1249 2030 integra
1283 1976 1416 2013 antea
1449 1961 1713 2031 decoraque
1747 1986 1799 2014 ex
1823 1967 2025 2015 fortuitis
2049 1967 2196 2015 causis

190 2043 388 2092 externis
413 2052 518 2109 post
542 2052 728 2108 partum
752 2041 1036 2098 formantur,
1073 2042 1207 2106 cujus
1238 2043 1506 2092 mutationis
1530 2062 1666 2092 causa
1690 2044 1757 2094 vis
1780 2043 2104 2112 reproductiva
2130 2056 2198 2092 est

194 2118 465 2170 accusanda.

300 2272 335 2323 ¹)
364 2274 466 2312 Redi
490 2271 515 2313 l.
547 2286 580 2312 c.
612 2284 697 2323 pag.
730 2271 776 2310 5:
825 2269 982 2322 „capita
1014 2269 1115 2308 inter
1142 2285 1183 2310 se
1216 2271 1326 2324 plane
1356 2272 1491 2313 similia
1523 2283 1649 2324 erant,
1691 2276 1742 2315 ita
1782 2284 1825 2315 ut
1856 2274 2002 2314 nullum
2036 2286 2194 2326 prorsus

193 2327 410 2374 discrimen,
438 2325 500 2364 vel
528 2325 567 2363 in
595 2324 751 2363 minima
781 2323 964 2376 particula
1000 2323 1398 2375 deprehenderetur.''
1448 2328 1499 2367 Et
1529 2328 1566 2367 in
1596 2328 1877 2383 Amphisbaena
1905 2341 2018 2380 supra
2047 2327 2193 2365 laudata

193 2389 307 2433 caput
337 2379 497 2417 alterum
534 2377 642 2417 alteri
672 2378 833 2417 omnino
856 2376 979 2415 simile
1009 2386 1078 2418 est.

301 2442 337 2494 2)
367 2441 601 2480 Vulneribus
631 2441 819 2480 foecunda
847 2441 923 2479 suis
954 2447 1034 2478 erat
1061 2440 1138 2489 itta,
1167 2456 1238 2481 nec
1268 2443 1389 2482 ullum

368 2496 429 2534 De
459 2504 612 2534 centum
645 2509 807 2534 numero
843 2501 957 2546 caput
985 2502 1042 2532 est
1071 2494 1227 2547 impune
1257 2497 1432 2547 recisum,

373 2548 481 2596 Quin
510 2549 666 2601 gemino
696 2549 821 2587 cervix
852 2547 993 2586 herede
1024 2547 1214 2586 valentior
1247 2559 1359 2592 esset.
1417 2551 1531 2591 Ovid.
1549 2549 1802 2604 Metamorph.
1817 2551 1902 2590 Lib.
1920 2551 1987 2594 IX.
2018 2555 2114 2593 Vers
2129 2553 2191 2593 70.

302 2612 338 2663 3)
369 2612 474 2652 Funk
506 2612 552 2664 (Ι.
583 2627 614 2652 e.
646 2612 827 2653 Tab.lll.
860 2611 950 2665 Fig.
975 2610 1039 2650 25·
1071 2611 1106 2651 d.
1141 2611 1281 2668 etFig.
1314 2614 1378 2655 26.
1413 2618 1465 2667 e.)
1499 2615 1611 2655 talem
1644 2615 1902 2669 duplicitatem
1934 2625 2188 2656 monstrosam

195 2666 234 2703 in
263 2666 516 2705 salamandrae
545 2674 636 2704 terr.
666 2665 935 2719 embryonibus
962 2664 1120 2705 invenit.

949 2804 1478 2823 --—-——--—-—-—-*——
