2401 3380
1046 218 1364 264 —19—

336 346 540 397 Musculi
574 345 848 396 adductores
883 357 929 396 et
959 344 1235 397 abductores
1268 365 1462 397 arcuum
1495 346 1831 399 branchialium
1865 369 1973 400 cum
2014 355 2212 406 arcubus

208 442 290 481 aut
313 442 593 483 evanescunt
616 442 695 479 aut
717 431 765 480 in
789 429 900 479 alios
924 441 1270 479 commutantur
1291 429 1528 480 musculos
1550 430 1598 479 in
1623 431 1920 483 salamandra
1943 435 2111 487 adulta.

1120 512 1160 574 ἓ.
1208 518 1285 561 20.

342 600 459 646 Cute
478 596 634 664 gulam
652 595 739 646 Sal.
759 594 942 644 adultae
960 592 1206 661 obtegente
1224 594 1442 662 replicata
1461 605 1627 644 stratus
1645 596 1786 645 trium
1804 598 2124 649 musculorum
2149 605 2209 652 ob

206 680 366 730 oculos
389 680 536 739 venit3
559 679 737 746 primus
759 676 1000 727 musculus
1024 688 1092 726 est
1114 677 1481 746 mylohyo'ideus
1507 678 1561 740 ¹),
1601 698 1626 727 e
1650 679 1772 727 labio
1795 679 1979 730 interno
2003 683 2210 733 maxillae

204 763 435 813 inferioris
451 760 774 829 progred·iens;
794 759 1025 810 secundus
1039 760 1186 810 oritur
1203 781 1228 810 e
1249 761 1392 810 latere
1412 773 1600 810 externo
1618 761 1847 811 tuberculi
1868 764 2118 813 articularis
2137 786 2208 815 os-

204 848 263 895 sis
283 845 490 913 quadrati
510 845 564 907 ²),
589 855 634 892 et
656 844 784 892 fibris
808 842 1152 911 divergentibus
1176 843 1346 893 collum
1370 856 1627 895 transverse
1652 843 1843 893 obducit
1864 845 1917 905 3)‚
1941 846 2014 894 cui
2036 866 2208 897 nomen

203 927 511 978 constrictoris
534 927 743 976 faucium
767 927 965 975 externi:
1001 925 1186 984 tertius,
1219 927 1492 975 constrictor
1514 927 1721 975 faucium
1755 928 1985 984 internus,
2022 947 2047 976 a
2077 943 2209 995 parte

203 1013 458 1079 posteriore
474 1007 703 1058 tuberculi
723 1006 974 1057 articularis
996 1008 1107 1055 ossis
1121 1005 1333 1073 quadrati
1352 1007 1579 1073 provenit,
1597 1007 1862 1056 musculum
1880 1009 2209 1076 triangularem

200 1095 430 1150 formans,
454 1090 546 1158 qui'
561 1090 728 1158 partim
751 1089 974 1139 musculis
997 1090 1084 1138 illis
1107 1089 1353 1138 nominatis
1376 1090 1550 1156 tegitur
1573 1089 1626 1151 ⁴).
1697 1093 1873 1140 Omnes
1897 1102 1989 1140 tres
2013 1095 2210 1143 musculi

200 1175 353 1225 media
376 1176 424 1224 in
447 1175 568 1223 linea
591 1172 914 1240 longitudinali
938 1172 1074 1240 gulae
1098 1183 1143 1221 et
1167 1172 1271 1221 colli
1300 1192 1347 1221 se
1379 1173 1509 1220 fibris
1541 1170 1769 1221 tendineis
1804 1173 2115 1241 conjungunt,
2146 1177 2209 1225 ita

198 1271 252 1308 ut
276 1259 408 1326 quasi
430 1258 600 1306 lineam
625 1256 775 1305 albam
800 1256 1092 1304 constituant.
1160 1259 1280 1303 Tam
1302 1255 1465 1303 intime
1489 1255 1583 1303 cuti
1607 1257 1772 1304 annexi
1797 1267 1916 1313 sunt,
1951 1268 2005 1305 ut
2029 1258 2209 1307 difficil-

198 1341 307 1389 lime
340 1339 554 1406 scalpello
587 1338 644 1387 ab
679 1357 732 1387 ea
764 1336 966 1405 disjungi
999 1337 1188 1405 possint.
1256 1342 1311 1387 In
1345 1337 1544 1407 cordylis
1573 1337 1639 1387 illi
1671 1350 1764 1387 tres
1795 1339 1993 1387 musculi
2025 1342 2208 1389 cutanei

196 1424 278 1480 vix-⁴
293 1420 593 1471 animadverti
617 1432 812 1488 possunt
834 1431 1030 1488 propter
1050 1421 1346 1477 tenuitatem,
1381 1420 1651 1487 praesertim
1681 1422 1730 1469 in
1765 1420 1922 1470 medio
1954 1421 2112 1487 gulam
2146 1424 2206 1470 ob

195 1507 318 1555 hanc
349 1525 450 1554 rem
482 1505 598 1554 cutis
633 1523 689 1552 eo
720 1503 847 1560 loco,
884 1503 1160 1570 operculum
1183 1500 1459 1552 'branchiale
1493 1503 1700 1552 formans
1740 1503 1802 1565 (ἓ.
1842 1502 1929 1564 2.),
1973 1502 2206 1569 pellucida

196 1600 264 1637 est
290 1590 341 1650 ⁵).
410 1586 618 1655 Cordylis
651 1587 961 1636 crescentibus
995 1587 1140 1654 magis
1163 1587 1404 1654 magisque
1428 1585 1705 1654 operculum
1728 1585 1998 1635 branchiale
2021 1606 2207 1636 muscu-

194 1671 322 1738 lique
344 1670 409 1720 illi
434 1690 481 1720 se
507 1670 749 1729 evolvunt,
783 1681 830 1719 et
862 1669 999 1719 simul
1031 1671 1196 1719 fissura
1219 1669 1495 1720 branchialis
1519 1669 1809 1719 semilunaris
1840 1670 1889 1718 in
1915 1669 2084 1718 lineam
2108 1688 2205 1718 rec-

194 1765 289 1802 tam
311 1766 530 1804 mutatur.
577 1754 640 1816 (ἓ.
667 1753 753 1816 2.)·
1033 1748 1036 1751 Α

205 1831 207 1833 ’
326 1837 397 1885 Illi
421 1837 622 1884 musculi
645 1837 828 1882 cutanei
849 1846 946 1883 tam
968 1834 1052 1880 diu
1076 1835 1272 1897 sejuncti
1295 1845 1522 1900 apparent
1546 1852 1572 1883 a
1599 1833 1819 1882 musculis
1844 1832 2203 1897 subjacentibus,

197 1935 338 1984 quam
361 1917 525 1963 fissura
549 1912 825 1962 branchialis
849 1910 989 1959 adest.

328 1998 451 2048 Situs
471 1997 658 2046 illorum
680 1993 1002 2045 musculorum
1024 1992 1288 2044 manifestat
1311 2009 1474 2042 usum:
1507 1992 1686 2060 quippe
1722 1993 1803 2060 qui
1838 1994 1994 2044 cibum
2028 2000 2202 2045 ae'rem·

197 2101 290 2150 que
315 2081 536 2144 devorare
553 2080 726 2143 juvant.

1111 2156 1151 2218 ἓ.
1200 2164 1277 2207 21.

330 2246 415 2295 Illo
446 2243 767 2293 musculorum
800 2251 943 2290 stratu
966 2238 1172 2290 detracto
1197 2251 1443 2308 sequentes
1468 2239 1679 2307 quinque
1702 2239 1901 2290 musculi
1923 2241 1972 2290 in
1996 2253 2198 2308 utroque

196 2329 335 2378 latere
360 2329 420 2377 ob
445 2327 603 2375 oculos
627 2325 831 2375 veniunt.

337 2413 382 2472 1)
416 2409 660 2460 Musculus
693 2404 1133 2475 geuiothyreo‘ideus
1167 2406 1206 2468 6)
1248 2405 1451 2467 (levator
1488 2401 1696 2452 maxillae
1738 2404 1968 2454 inferioris
2000 2404 2196 2473 longus)

200 2494 346 2542 oritur
369 2512 422 2541 ex
447 2512 546 2541 osse
570 2490 847 2560 thyreo‘ideo
873 2500 918 2537 et
939 2489 1237 2538 insertionem
1260 2489 1308 2537 in
1334 2487 1504 2555 angulo
1528 2487 1735 2537 maxillae
1759 2487 1967 2537 inferiori
1989 2499 2126 2537 tenet.

306 2709 343 2760 1)
375 2680 460 2762 Fi'g.
491 2708 553 2746 12.
580 2706 618 2746 b.

360 2773 465 2812 Funk
493 2772 518 2811 l.
549 2785 580 2811 e.
611 2770 705 2810 Tab.
735 2771 780 2810 ll.
813 2770 899 2824 Fig.
934 2770 998 2810 12.
1030 2784 1062 2810 e.

306 2848 344 2900 2)
372 2847 478 2887 rank
510 2847 533 2887 1.
566 2860 598 2886 c.
629 2845 725 2885 Tab.
756 2846 935 2899 urrig.
968 2845 1003 2884 1.
1033 2853 1070 2884 et
1094 2846 1130 2885 2.
1159 2844 1198 2885 h.

307 2922 345 2974 ³)
377 2923 462 2977 Εἰς.
493 2923 556 2962 12.
585 2936 620 2962 c.
819 2918 859 2972 ²⁴)
888 2920 974 2974 rig.
1003 2920 1065 2960 12.
1100 2921 1136 2964 d,
1338 2919 1375 2971 ⁵)
1404 2918 1490 2974 rig.
1519 2918 1557 2959 3.
1585 2917 1620 2957 b.

306 2998 343 3050 6)
371 2997 458 3051 Fig.
492 2998 554 3038 12.
584 3012 617 3038 e.
641 2996 726 3051 Fig.
759 2997 821 3036 13.
851 3010 884 3035 e.

362 3061 466 3101 Funk
494 3060 520 3102 l.
552 3075 584 3102 c.
605 3061 714 3113 vTab.
743 3061 788 3101 11.
816 3060 901 3114 Fig.
930 3059 995 3101 12.
1023 3058 1051 3101 f.
1079 3057 1272 3100 musculus
1301 3066 1428 3098 rectus
1454 3056 1642 3114 lingualis.
