2401 3380
1038 218 1359 261 ..11-

328 348 461 409 Quos
483 362 596 394 vero
619 341 831 412 cordylos
855 343 973 391 sonti
1000 354 1181 410 ereptos
1201 341 1328 392 domi
1347 342 1450 401 alui,
1474 353 1615 393 status
1635 346 1718 404 sui,
1739 365 1879 414 quem
1904 351 2198 417 praescripsit

190 439 367 485 natura,
392 427 582 476 omnino
608 437 714 475 sunt
738 426 890 484 obliti;
914 426 1150 474 branchiis
1174 427 1298 475 enim
1322 427 1585 494 corrugatiS,
1620 447 1696 476 sex
1718 432 2043 482 tantummodo
2066 445 2198 483 trun·

190 511 253 559 cis
278 528 384 558 cum
420 510 579 576 paucis
611 507 798 557 ramulis
832 508 997 557 relictis
1031 509 1090 569 (ἓ.
1112 507 1191 568 7.),
1228 527 1315 572 per
1347 529 1517 559 novem
1539 511 1773 560 mensium
1798 513 1995 578 spatium
2021 515 2196 565 nullam

190 609 268 640 eos
294 592 451 641 subire
475 592 781 639 mutationem
809 589 1058 646 observavi,
1096 590 1209 656 quin
1244 610 1329 657 per
1362 598 1513 640 totum
1538 592 1636 641 fere
1661 613 1837 643 annum
1862 594 2090 661 quosdam
2111 599 2197 646 im-

187 684 387 723 mutatos
403 673 511 731 vidi,
529 674 690 721 fissura
711 670 768 719 ad
789 671 1014 737 spiracula
1032 671 1206 721 ducens
1226 693 1410 740 semper
1423 686 1579 741 aperta
1599 676 1698 734 suit,
1718 677 1851 726 crista
1865 679 2086 726 natatoria
2099 698 2195 728 non

187 757 386 813 evanuit,
410 754 537 822 quod
558 755 604 802 in
624 754 872 803 Tritonum
893 755 1181 820 captivorum
1200 756 1584 806 excellentissimis
1603 759 1748 807 cristis
1765 760 1997 807 natatoriis
2010 761 2109 809 fieri
2124 781 2215 811 so-r

185 836 259 885 let.
291 837 614 887 Moriebantur
631 836 818 884 tandem
838 855 996 885 mense
1007 839 1162 886 Martii
1183 839 1291 886 anni
1311 842 1714 897 MDCCCXXVII,
1734 861 1809 889 me
1822 840 2094 890 Berolinum
2116 862 2196 909 pe·

183 929 323 977 tente,
346 938 496 986 quum
521 937 607 985 per
627 929 771 966 totam
795 919 999 966 hiemem
1022 920 1070 967 in
1097 920 1311 969 cubiculo
1343 940 1453 969 meo
1477 921 1598 969 bene
1622 922 1881 978 valuissent,
1909 924 1970 970 ita
1995 933 2046 970 ut
2071 924 2194 972 affir-

184 1020 312 1050 mare
342 1020 494 1058 conar,
525 1000 626 1048 illos
651 999 862 1067 cordylos
887 1011 1057 1065 captos,
1091 1002 1132 1059 si
1163 1020 1240 1048 eos
1265 1020 1450 1066 semper
1473 1002 1560 1049 sub
1585 1022 1706 1068 aqua
1731 1003 1933 1052 viventes
1957 1004 2004 1050 in
2030 1023 2193 1054 museo

183 1101 289 1130 meo
325 1082 602 1140 habuissem,
636 1101 880 1150 nunquam
915 1081 972 1130 ad
1006 1083 1199 1148 perfecti
1234 1083 1440 1133 animalis
1483 1095 1652 1132 statum
1686 1084 1962 1151 pervenisse.
2044 1089 2193 1135 Tanta

185 1175 252 1211 est
276 1164 641 1213 accommodatio
665 1163 960 1232 cordylorum
985 1163 1309 1214 Salamandrae
1334 1167 1570 1223 terrestris,
1595 1178 1647 1215 ut
1672 1166 1947 1232 quibusdam
1973 1167 2059 1216 sub
2085 1188 2193 1218 con·

184 1245 434 1294 ditionibus
462 1247 799 1313 praesentibus,
831 1247 1036 1312 primum
1061 1266 1197 1295 suum
1233 1247 1535 1311 cordylorum
1561 1248 1758 1297 stadium
1783 1248 1967 1297 brevius
1992 1262 2069 1298 aut
2093 1250 2190 1299 lon-

181 1329 283 1392 gius
308 1327 501 1376 reddere
526 1329 722 1394 possint,
755 1328 1003 1376 Tritonum
1036 1340 1195 1376 contra
1228 1328 1402 1398 cordyli
1434 1331 1480 1378 in
1515 1332 1599 1378 rite
1635 1330 1957 1398 prosequenda
1987 1333 2187 1398 perfecta

184 1428 265 1458 sua
291 1409 438 1457 sorma
464 1428 711 1475 nunquam
735 1410 909 1458 turbari
934 1411 1111 1477 possint
1137 1410 1188 1472 ¹).

856 1541 1515 1552 “Q—

970 1678 1263 1737 CAPUT
1320 1679 1401 1737 ΙΙ.

436 1791 522 1836 DE
557 1791 977 1839 EVOLUTIONE
1009 1789 1484 1837 SALAMANDRAE
1520 1786 1927 1835 TERREsTffls.

1131 1895 1330 1931 „conditur
1353 1896 1389 1924 in
1413 1897 1567 1924 tenebras
1592 1895 1697 1925 altum
1722 1895 1860 1935 caligine
1884 1896 2050 1928 coelum.''

1813 1948 1917 1981 vum.

1114 2045 1151 2107 §-
1203 2049 1242 2094 9.

180 2127 402 2198 Theoria
434 2167 542 2199 vera
569 2160 614 2196 et
646 2148 773 2197 omni
806 2166 1003 2196 numero
1036 2147 1256 2206 absoluta,
1293 2169 1412 2216 quae
1444 2151 1750 2217 generationis
1776 2153 2013 2218 negotium
2039 2152 2180 2201 histo-

180 2233 392 2299 riamque
427 2230 700 2281 evolutionis
735 2229 860 2280 ovuii
893 2230 1087 2279 humani
1120 2243 1331 2298 exponat,
1372 2232 1583 2282 nondum
1618 2245 1878 2282 constructa
1909 2246 1986 2292 est,
2025 2255 2178 2302 neque

180 2314 507 2383 physiologiae,
553 2332 709 2380 neque
750 2313 1004 2362 anatomiae
1037 2312 1187 2361 studia
1210 2314 1530 2380 ‘virorumque
1578 2317 1835 2365 acutissima
1880 2317 2074 2382 ingenia,
2121 2318 2178 2367 ad

181 2407 392 2446 nostrum
424 2416 574 2463 usque
605 2408 790 2463 tempus
820 2395 1032 2462 vigentia,
1071 2394 1300 2444 nodutum
1341 2396 1467 2445 hunc
1500 2396 1787 2446 Gordianum
1823 2398 1997 2447 solvere
2032 2400 2179 2468 caligi—

181 2497 387 2544 nemque
420 2478 638 2545 dissipare
671 2490 879 2545 potuere.
947 2476 1085 2525 Haud
1118 2477 1281 2538 clarior
1312 2490 1570 2527 ceterorum
1606 2480 1870 2529 animalium
1906 2479 2176 2531 evolutionis

182 2561 393 2608 historia:
419 2572 705 2626 quantopere
731 2561 866 2616 enim,
889 2571 941 2608 ut
965 2578 1060 2607 uno
1079 2559 1372 2608 solummodo
1392 2572 1496 2609 utar
1519 2561 1741 2628 exemplo,
1768 2561 2039 2613 dissentiunt
2062 2565 2175 2632 phy-

183 2642 345 2709 siologi
370 2641 426 2689 de
449 2641 632 2690 tunicae
654 2641 941 2710 Erythroidis
971 2653 1015 2690 et
1037 2642 1213 2692 vesicae
1236 2642 1506 2692 Allantoidis
1532 2644 1782 2702 functione,
1818 2645 1930 2710 quin
1963 2647 2173 2695 nonnulli

292 2804 327 2855 ¹)
361 2805 447 2842 Vid.
478 2805 646 2843 Rusconi
668 2811 705 2842 et
737 2804 902 2843 Brocchi
938 2804 1034 2842 della
1066 2804 1318 2844 circolazione
1351 2804 1449 2844 delle
1488 2805 1589 2845 larve
1621 2815 1692 2845 etc.
1726 2821 1763 2858 p.
1792 2804 1854 2846 43.
1886 2807 1961 2846 No.
1991 2807 2027 2847 4.
2087 2837 2109 2855 ‚,
2122 2808 2170 2847 Se

185 2882 254 2920 per
281 2868 473 2906 contrario
503 2868 532 2905 si
562 2875 666 2906 tenta
702 2866 822 2917 quest'
853 2867 1071 2918 esperienza
1107 2868 1146 2906 in
1175 2882 1249 2906 una
1276 2868 1376 2906 larva
1405 2869 1442 2907 di
1472 2870 1724 2917 salamandra,
1762 2870 1830 2908 che
1868 2883 1948 2908 non
1971 2870 2021 2908 sia
2050 2872 2169 2909 molto

184 2931 339 2969 lontana
367 2931 412 2968 da
441 2931 529 2982 quel
554 2930 731 2977 termine,
759 2930 798 2968 in
831 2930 891 2967 cui
919 2930 1012 2969 deve
1044 2932 1221 2971 accadere
1250 2932 1284 2969 la
1313 2945 1377 2969 sua
1405 2933 1741 2980 trassormazione;
1771 2947 1820 2970 sia
1839 2932 1906 2971 che
1932 2933 1961 2971 si
1982 2935 2168 2973 condanni

185 2994 219 3033 al
250 2993 408 3047 digiuno
439 3007 461 3031 o
495 2994 526 3031 si
552 3001 668 3046 tenga
696 2993 784 3032 sott'
823 3006 939 3044 acqua
972 2994 1002 3032 si
1040 3007 1192 3033 osset-va
1230 2994 1382 3042 ch'essa,
1422 2997 1563 3036 sebben
1595 3009 1666 3035 con
1705 2996 1821 3034 molta
1852 2995 2036 3046 lentezza,
2075 3011 2168 3051 pure

185 3071 266 3098 non
298 3056 409 3096 lascia
441 3056 478 3095 di
505 3056 736 3096 trasmutarsi
767 3056 806 3094 in
836 3057 995 3097 animale
1029 3057 1236 3110 perfetto.’'

1839 3133 1903 3181 2*
