2401 3380
1056 198 1374 247 ..17-

985 325 1278 384 CAPUT
1320 327 1436 386 ΙΙΙ.

245 438 330 485 DE
364 411 817 484 MUSCULORUM
862 435 1206 483 APPARATU
1247 437 1320 484 IN
1355 434 1790 485 SALAMANDRA
1826 440 2186 492 TERRESTRI

368 520 628 581 ADULTA
650 520 736 566 AD
761 518 1060 582 LINGUAM
1082 519 1167 563 ET
1191 518 1269 565 OS
1292 519 1642 566 HYOIDEUM
1666 521 2057 572 MOVENDUM.

1030 625 1167 665 ‚.Nunc‚
1192 628 1249 670 qni
1273 626 1321 667 fit,
1343 626 1393 660 uti
1417 640 1534 671 passus
1559 629 1709 671 proferre
1734 641 1906 672 queamus,

1033 680 1122 714 Cum
1147 682 1314 723 volumus,
1338 682 1495 728 varieque
1520 683 1637 717 datum
1661 684 1704 718 sit
1726 686 1879 717 membra
1904 698 2049 722 movere.
2059 688 2077 706 ”

1791 740 1949 774 Lucam.

1126 837 1164 900 ἓ.
1217 841 1292 889 17.

204 919 355 992 Nulla
379 939 478 991 fere
502 941 549 990 in
575 937 871 990 salamandra
905 957 1010 1005 pars
1042 940 1288 996 invenitur,
1324 941 1457 1003 cujus
1493 953 1720 990 structura
1755 954 1848 990 tam
1874 943 2143 1009 complicata
2170 957 2214 993 et

203 1024 446 1074 artificiosa
471 1033 701 1088 appareat,
739 1040 881 1087 quarn
912 1021 1110 1069 musculi
1145 1020 1202 1069 ad
1234 1020 1442 1087 linguam
1476 1033 1521 1069 et
1545 1041 1595 1070 os
1620 1022 1879 1090 hyo‘ideum
1903 1027 2212 1077 movendum:

203 1107 270 1154 sin
297 1116 452 1153 autem
478 1104 662 1170 cogiteS,
698 1103 1057 1161 salamandram,
1090 1104 1137 1153 in
1164 1103 1380 1152 omnibus
1415 1105 1617 1153 motibus
1650 1106 1742 1154 suis
1766 1105 2082 1167 tardissimam,
2115 1129 2210 1158 non

203 1178 353 1237 solum
384 1187 518 1234 lentis
550 1185 786 1234 lumbricis
819 1185 1156 1252 limacibusque
1188 1186 1405 1253 segnibus
1443 1188 1548 1245 frui,
1584 1186 1664 1236 sed
1699 1188 1835 1236 etiam
1868 1208 1893 1237 a
1925 1202 2087 1239 natura
2114 1211 2211 1240 esse

201 1269 485 1336 designatam
510 1268 567 1317 ad
591 1287 771 1318 muscas
796 1268 889 1317 sive
912 1268 1079 1316 culices
1103 1269 1290 1335 fugaces
1317 1269 1577 1335 capiendaS,
1601 1269 1814 1319 facillime
1836 1271 2061 1339 intelliges
2080 1275 2209 1331 fines,

199 1352 255 1399 ad
278 1371 395 1418 quos
412 1351 493 1402 ‚ille
518 1351 837 1401 musculorum
861 1362 1108 1418 apparatus
1132 1362 1225 1399 tam
1251 1351 1494 1400 artificiose
1515 1364 1804 1401 constructus
1829 1355 2040 1419 pertinet.
2078 1360 2209 1404 Mus·

199 1432 302 1489 culi,
336 1452 454 1499 quos
487 1453 614 1482 nunc
649 1433 964 1499 descripturus
995 1453 1112 1490 sum,
1146 1434 1207 1481 ita
1240 1444 1348 1481 sunt
1380 1433 1599 1500 dispositi,
1634 1446 1686 1482 ut
1719 1453 1813 1482 una
1838 1455 2000 1483 eorum
2026 1456 2131 1501 pars
2157 1457 2208 1485 os

198 1514 351 1581 ample
377 1516 562 1582 aperiat,
587 1515 727 1563 altera
751 1515 956 1582 linguam
982 1513 1027 1564 et
1052 1536 1101 1564 os
1115 1514 1390 1584 hyo'ideum‚
1413 1517 1488 1564 cui
1512 1516 1587 1564 illa
1608 1535 1784 1564 annexa
1805 1528 1883 1574 est,
1908 1536 2014 1565 cum
2028 1518 2208 1584 impetu

198 1599 448 1664 protrahat,
473 1609 518 1646 et
542 1598 674 1646 tertia
698 1617 804 1664 pars
830 1617 880 1647 os
903 1598 1163 1668 hyo'ideum
1190 1618 1297 1648 cum
1321 1599 1492 1665 lingua,
1517 1598 1649 1663 cujus
1673 1599 1853 1647 viscoso
1871 1619 2009 1648 muco
2035 1600 2206 1666 praeda

195 1680 428 1737 adhaeret,
453 1680 690 1728 celerrime
715 1681 912 1746 rejiciat3
943 1701 1052 1730 cum
1085 1701 1247 1731 ornnes
1271 1677 1319 1730 hi
1345 1680 1542 1729 musculi
1573 1699 1671 1730 uno
1697 1682 1794 1730 fere
1819 1681 2080 1747 eodemque
2105 1701 2204 1729 mo-

196 1775 356 1811 mento
380 1775 535 1830 agunt,
558 1752 856 1819 salamandra
889 1763 947 1814 ad
980 1764 1202 1831 praedam
1227 1783 1358 1813 suam
1383 1762 1653 1829 capiendam
1678 1763 1935 1811 tardissimo
1959 1767 2107 1830 gradu
2133 1783 2203 1813 ac-

196 1843 380 1899 cedens,
405 1846 509 1892 satis
532 1856 633 1893 tuto
658 1846 783 1892 illam
807 1847 1011 1908 arripere
1035 1857 1199 1910 potest.

1111 1928 1151 1984 ἓ.
1203 1926 1276 1969 18.

330 2005 542 2055 Primum
566 2024 777 2054 memoro
802 2003 1052 2053 ossiculum
1076 1998 1334 2070 proprium,
1359 2021 1386 2051 a
1410 2001 1708 2068 scriptoribus
1732 2004 1977 2071 hucusque
2002 2019 2203 2072 praeter-

197 2089 404 2146 missum,
430 2087 556 2153 quod
583 2087 694 2135 ossis
717 2086 911 2155 hyo'idei
937 2087 1079 2134 instar
1102 2085 1231 2134 nullo
1256 2085 1358 2133 loco
1384 2104 1492 2133 cum
1517 2085 1698 2151 reliquo
1723 2086 1891 2135 sceleto
1918 2099 1984 2135 est
2008 2089 2201 2152 conJ'un-

197 2183 336 2221 ctum.
406 2170 712 2218 Trabeculam
737 2189 914 2217 osseam
939 2169 1144 2216 formans
1164 2167 1203 2230 ¹)
1235 2168 1364 2216 lateri
1401 2163 1652 2236 oesophagi
1677 2170 1892 2218 anteriori
1918 2182 2200 2236 externoque

198 2266 453 2302 transverse
486 2253 695 2301 inhaeret
729 2271 784 2300 eo
817 2251 933 2308 loco,
969 2271 1064 2319 quo
1099 2251 1253 2318 glottis
1277 2252 1594 2317 oesophagum
1629 2263 1852 2317 penetrat,
1886 2263 1931 2300 et
1962 2253 2010 2300 in
2044 2252 2200 2300 medio

197 2337 317 2385 inter
341 2356 391 2384 os
415 2335 674 2393 hyo'ideum
700 2345 744 2382 et
769 2353 850 2382 cor
873 2346 942 2382 est
969 2335 1106 2382 situm
1132 2333 1185 2394 ²).
1253 2333 1453 2381 Infracta
1475 2333 1610 2381 nobis
1625 2330 1716 2380 ¹ista
1739 2332 1971 2380 trabecula
1996 2345 2199 2399 apparet,

199 2429 244 2466 ct
268 2437 293 2465 e
318 2417 501 2467 duobus
525 2418 734 2466 cruribus
759 2417 1027 2483 aequalibus
1061 2415 1315 2482 composita
1340 2416 1553 2464 cernitur.

333 2504 387 2547 In
412 2500 606 2568 cordylis
630 2500 702 2550 vix
728 2500 843 2548 natis
867 2500 959 2547 hoc
982 2497 1231 2546 ossiculum
1254 2498 1348 2562 jam
1373 2497 1512 2557 adest,
1537 2496 1615 2546 sed
1641 2496 1775 2544 aliam
1798 2495 1975 2544 habens
1999 2495 2196 2544 formam

202 2595 488 2648 tenuemque
523 2583 832 2650 cartilaginem
874 2581 1168 2631 constituens.
1248 2584 1514 2648 Utrumque
1549 2599 1653 2630 crus
1685 2579 2005 2630 brevissimum
2047 2589 2113 2626 est
2153 2589 2198 2625 et

205 2665 398 2733 angulus
431 2663 539 2712 inde
572 2666 852 2730 compositus
888 2666 936 2713 in
969 2664 1155 2713 tertium
1188 2683 1291 2713 crus
1326 2663 1419 2713 abit
1441 2664 1493 2726 ³).
1561 2668 1615 2712 In
1646 2661 1732 2711 illis
1756 2659 2061 2712 Salamandris
2094 2677 2196 2726 par-

309 2885 346 2936 ¹)
373 2883 465 2940 Fig.
500 2886 536 2924 9.

309 2959 345 3008 2)
376 2959 460 3012 rig.
495 2959 557 2998 12.
588 2966 626 2997 et
659 2957 720 2997 13.
752 2957 798 2996 K.

311 3033 349 3085 3)
381 3033 468 3088 rig.
502 3034 565 3074 11.
593 3042 631 3074 et
662 3033 746 3087 rig.
778 3032 815 3073 5.
843 3031 879 3071 h.
