2401 3380
993 229 1309 272 ...14-

157 364 216 412 sis
242 360 404 411 ductus
429 358 641 409 vitellaris
667 356 723 406 ad
748 356 958 406 intestina
981 354 1030 404 in
1054 354 1319 406 volucribus
1343 354 1516 405 accedit
1542 356 1604 418 1),
1637 356 1684 406 in
1718 355 1884 407 lacerta
1919 368 2073 407 autem
2106 369 2151 407 et

158 445 351 493 colubro
386 442 470 491 viri
505 441 723 489 celeberr.
780 441 1009 488 Emmert
1040 449 1086 486 et
1107 438 1422 487 Hochstetter
1445 458 1531 505 pro
1556 437 1699 487 ductu
1720 441 1911 490 vitellari
1934 440 2153 507 ligamen-

154 537 256 574 tum
279 536 420 574 tenue
443 524 719 572 invenerunt
743 522 795 583 ²).
852 527 906 571 In
930 519 1226 571 Salamandra
1250 540 1360 571 vero
1385 521 1612 578 terrestri,
1634 532 1687 570 ut
1710 522 1801 585 jam
1827 523 2058 589 descripsi,
2083 540 2155 570 res

157 607 265 657 alias
299 626 346 655 se
370 605 521 654 habet.

1066 683 1107 745 §.
1160 691 1234 733 12.

289 765 596 819 Salamandris
630 764 795 815 adultis
830 765 998 834 apertis
1031 767 1180 817 vesica
1214 767 1294 826 (ita
1328 766 1465 827 dicta)
1500 767 1701 816 urinaria
1736 784 1918 834 semper
1952 764 2157 814 animum

155 870 314 902 meum
339 851 598 916 occupavit,
633 868 753 914 quae
786 849 1011 911 majorem
1035 859 1115 896 aut
1138 847 1368 895 minorem
1391 847 1584 915 liquoris
1608 848 1787 915 limpidi
1811 850 1991 915 copiam
2016 848 2160 896 conti-

154 952 270 982 nens
291 950 535 998 nunquam
559 949 654 978 non
678 930 946 978 ruberrimis
970 931 1101 987 vasis,
1125 930 1393 997 praesertim
1416 931 1565 987 venis,
1591 929 1877 988 abundabat,
1901 941 1946 979 et
1975 931 2158 979 tunicae

157 1012 409 1083 erythroidi
433 1011 560 1061 haud
585 1010 811 1059 dissimilis
836 1022 944 1059 erat.

290 1099 397 1159 Qua
432 1092 728 1142 similitudine
762 1092 811 1139 in
848 1092 1158 1159 suspicionem
1189 1091 1406 1140 inductus
1440 1108 1565 1149 sum,
1607 1093 1730 1141 illam
1772 1093 1969 1143 vesicam
2001 1111 2167 1143 revera

157 1175 476 1243 erythroidem
501 1194 598 1223 esse
624 1185 669 1221 et
691 1174 774 1221 fini
795 1173 978 1221 cuidam
1001 1175 1049 1221 in
1067 1172 1375 1223 salamandris
1400 1172 1565 1222 adultis
1583 1176 1837 1224 remanenti
1855 1175 2161 1243 respondere;

158 1280 301 1328 quam
326 1258 594 1325 opinionem
619 1276 675 1304 eo
699 1256 841 1322 magis
866 1255 981 1303 mihi
1006 1256 1253 1305 affirmavit
1286 1255 1571 1305 crebriorum
1607 1257 1926 1325 exemplorum
1950 1259 2162 1307 observa·

156 1344 234 1398 tio,
259 1341 370 1390 tales
395 1357 635 1388 remanere
661 1337 938 1405 quibusdam
964 1338 1236 1387 animalibus
1261 1349 1412 1406 partes
1438 1337 1495 1387 ad
1521 1339 1700 1388 foetum
1719 1339 1911 1407 quidem
1928 1340 2163 1407 pertinen·

157 1437 247 1479 tes,
281 1442 366 1489 per
405 1433 547 1470 totam
588 1422 740 1470 vitam.
811 1421 1019 1469 Tunicae
1054 1421 1327 1489 erythroidis
1363 1440 1470 1486 pars
1501 1423 1695 1471 inferior
1725 1433 1934 1470 remanet
1966 1421 2162 1469 lacertae

159 1506 263 1572 agili
300 1516 344 1552 et
378 1503 516 1569 angui
551 1503 697 1570 fragili
724 1504 763 1562 3)
798 1503 854 1551 ad
889 1504 1086 1551 vesicam
1121 1505 1369 1552 urinariam
1394 1506 1474 1564 (?)
1507 1503 1799 1551 formandam
1825 1504 1878 1563 4).
1945 1509 2162 1552 Servatur

159 1586 375 1655 glandula
399 1586 632 1652 Thy-mus,
668 1586 903 1632 nonnullis
939 1586 1258 1634 mammalibus
1296 1606 1460 1634 somno
1493 1586 1704 1654 hyberno
1738 1585 2044 1634 subeuntibus
2076 1603 2162 1652 per

161 1681 304 1717 totam
331 1669 428 1715 sere
453 1668 590 1715 vitam
615 1667 859 1714 incolumis
886 1667 946 1726 5),
982 1668 1190 1715 foramen
1217 1668 1345 1717 ovale
1371 1669 1581 1734 pluribus
1604 1669 1651 1716 in
1675 1667 1997 1716 mammalibus
2021 1685 2161 1733 aqua-

160 1751 258 1798 ticis
291 1748 525 1796 interdum
560 1759 684 1813 patet
711 1748 770 1806 6);
806 1759 850 1795 et
884 1747 1086 1814 denique
1119 1749 1440 1798 diverticulum
1475 1751 1521 1799 in
1555 1750 1791 1800 nonnullis
1814 1750 1974 1801 avibus
1999 1770 2024 1798 e
2048 1750 2161 1817 pris-

161 1833 260 1879 tino
287 1830 425 1879 ducto
450 1829 638 1879 vitellari
665 1840 818 1877 ortum
844 1829 936 1877 huc
961 1831 1134 1879 referre
1158 1832 1292 1878 liceat
1313 1834 1363 1890 ⁷).

270 1981 305 2030 1)
337 1980 492 2018 Samuel
521 1977 567 2015 de
596 1989 758 2023 ovofflm
779 1974 1035 2013 mammalium
1054 1975 1276 2015 velamentis
1296 1976 1521 2016 dissertatio.
1549 1978 1806 2031 VVirceburgi
1837 1978 1952 2018 1810.
1982 1992 2067 2033 pag.
2094 1978 2159 2020 84.

161 2046 250 2095 „Ad
275 2044 389 2081 finem
414 2048 598 2094 vergente
627 2039 873 2077 incubatione
892 2054 961 2091 per
987 2038 1141 2077 ductum
1169 2053 1279 2078 suum
1309 2039 1481 2079 immittit
1504 2040 1642 2092 (vitelli
1659 2042 1894 2093 membrana)
1926 2043 1965 2081 in
1984 2043 2160 2082 intestina

162 2107 380 2148 vitellum.“

269 2169 306 2219 2)
348 2169 463 2207 Rell's
493 2165 645 2204 Archiv.
704 2165 820 2204 Tom.
856 2165 903 2203 X.
948 2165 1063 2203 1810.
1101 2164 1207 2205 Fasc.
1241 2165 1277 2206 1.
1333 2167 1636 2222 Untersuchung
1667 2168 1765 2208 iiber
1794 2169 1854 2208 die
1885 2169 2159 2225 Entwicklung

165 2235 233 2273 det
255 2231 479 2270 Eidechsen.
509 2242 595 2280 pag.
626 2228 734 2267 111.:
792 2229 886 2277 „Rei
921 2228 994 2266 den
1026 2228 1251 2277 Eidechsen,
1286 2231 1399 2279 (auch
1429 2231 1490 2270 bei
1526 2232 1594 2270 der
1620 2232 1772 2283 Natter)
1801 2233 1973 2272 konnten
2001 2233 2073 2270 wir
2099 2234 2162 2271 nie

165 2299 278 2337 einen
308 2296 552 2346 Dottergang
581 2290 877 2340 wahrnehmen‚
907 2292 1039 2331 weder
1069 2292 1254 2331 w'zihrend
1283 2292 1387 2332 ihrer
1418 2294 1690 2349 Entvvicklung
1723 2296 1774 2334 im
1805 2297 1874 2344 Ei,
1905 2295 2006 2335 noch
2035 2295 2161 2349 gleich

166 2361 259 2399 nach
291 2358 538 2396 derselben.“

273 2422 311 2472 3)
346 2421 517 2458 Emmert
558 2425 594 2455 et
627 2418 885 2456 Hochstetter.
941 2418 1036 2458 lbid.
1066 2432 1150 2471 pag.
1185 2419 1297 2458 113.;
1353 2421 1468 2469 „Der
1500 2421 1743 2473 cylindrische
1773 2421 1967 2469 Fortsatz‚
2004 2423 2160 2462 vermit-

165 2488 254 2526 telst
283 2485 416 2522 dessen
449 2480 527 2518 sich
557 2480 618 2516 das
651 2480 825 2517 Chorion
855 2481 921 2518 der
945 2481 1157 2519 Eidechsen
1184 2481 1257 2519 wie
1287 2483 1350 2521 das
1378 2485 1446 2523 der
1474 2484 1600 2538 Vogel
1629 2485 1667 2521 in
1699 2483 1760 2521 die
1786 2481 1925 2523 Cloaca
1949 2485 2014 2524 des
2041 2486 2158 2525 Thie-

166 2565 226 2589 res
258 2547 444 2591 einsenkt,
481 2543 603 2581 erhalt
635 2542 714 2580 sicli
753 2541 815 2580 bei
846 2542 919 2580 den
950 2552 1096 2582 erstern
1128 2543 1223 2582 auch
1253 2545 1352 2583 noch
1385 2547 1424 2584 in
1458 2548 1541 2585 dem
1578 2546 1847 2586 erwachsenen
1876 2549 2066 2587 Zustande
2095 2550 2160 2588 des

168 2613 377 2651 Thieres.“
415 2621 499 2659 pag.
531 2603 619 2644 414.
675 2605 815 2653 „Eben
847 2605 925 2643 (lies
955 2607 1002 2644 ist
1032 2607 1070 2644 in
1100 2607 1223 2645 einem
1253 2609 1354 2647 noch
1382 2609 1530 2647 hohern
1557 2609 1684 2648 Grade
1714 2610 1775 2648 bei
1805 2611 1879 2649 den
1907 2611 2158 2649 Blindschlei-

170 2677 267 2715 chen
296 2675 362 2712 der
390 2671 484 2718 Fall,
515 2670 553 2707 in
585 2670 707 2707 denen
736 2668 815 2705 sich
845 2669 968 2708 dieser
996 2670 1184 2718 Formam,
1211 2671 1305 2708 auch
1337 2671 1437 2710 noch
1471 2673 1519 2710 im
1555 2672 1823 2712 erwachscnen
1856 2673 2045 2712 zustande
2072 2673 2156 2711 der-

168 2738 311 2785 selben,
340 2737 379 2774 in
408 2732 557 2772 Gestalt
587 2732 692 2769 einer
720 2731 967 2771 betrfiebtlich
994 2748 1169 2788 grossen,
1197 2735 1513 2787 wurmfo'rmigen
1542 2735 1654 2774 Blase
1683 2737 1890 2775 mittreiben
1917 2736 2051 2774 liisst.“

273 2799 313 2851 4)
346 2800 553 2848 Nunquam
587 2796 623 2832 in
655 2794 716 2832 illa
749 2809 818 2832 nec
851 2795 1072 2834 lacertarum
1101 2811 1172 2835 nec
1202 2797 1384 2851 anguium
1415 2799 1562 2837 acidum
1600 2801 1747 2839 uricum
1780 2799 1924 2850 reperi,
1966 2799 2035 2836 etsi
2075 2799 2156 2838 clo-

170 2878 232 2903 aca
262 2877 388 2902 earum
425 2860 490 2898 illo
521 2873 654 2897 renum
687 2867 833 2896 secreto
865 2859 975 2910 plena
1007 2859 1145 2897 fuisset.

278 2926 313 2976 5)
347 2927 489 2964 Carus:
522 2921 742 2960 Zootomie.
774 2921 932 2975 Leipzig
961 2922 1075 2961 1818.
1104 2936 1187 2976 pag.
1216 2921 1306 2962 574.

280 2990 317 3039 ⁶)
348 2985 496 3028 Meckel
520 2985 557 3022 in
588 2985 741 3023 Cuvier:
770 2984 1039 3038 Vorlesungen
1068 2986 1163 3024 iiber
1191 2986 1481 3039 vergleichcnde
1496 2985 1710 3024 Anatomic.
1743 2987 1855 3026 Tom.
1885 2989 1948 3027 IV.
1979 3004 2062 3042 pag.
2091 2991 2154 3029 37.

281 3049 320 3101 7)
352 3049 519 3088 Meclsel:
551 3047 730 3101 Beitr'age
762 3062 830 3090 zur
862 3049 1181 3102 vergleichenden
1210 3050 1425 3088 Anatomie.
1457 3051 1568 3088 Toni,
1601 3049 1640 3087 11.
1671 3049 1854 3102 pag.50.:
1889 3053 2003 3101 ⁷⁷Der
2030 3054 2155 3091 kleine
