2375 3390
520 653 523 656 ,
1005 597 1300 656 CAPUT
1342 597 1390 656 Ι.

507 724 592 770 DE
617 722 1094 772 SALAMANDRAE
1117 720 1515 771 TERRESTRIS
1542 720 1873 769 CORDYLIS.

1219 831 1256 863 In
1282 842 1369 862 nova
1392 830 1455 862 sert
1480 828 1610 864 animus
1635 838 1780 863 mutatas
1806 829 1915 864 dicere
1939 830 2062 866 formas

1221 884 1384 930 Corpora.

1825 927 1932 961 van.

1129 1016 1173 1078 ἓ.
1223 1024 1262 1067 1.

186 1090 313 1173 Res
346 1129 414 1169 est
445 1105 890 1175 notissimasomn'ia
915 1115 1013 1166 sere
1037 1117 1391 1165 Batrachiorum
1417 1132 1587 1182 genera
1612 1114 1764 1182 primo
1789 1114 1906 1165 vitae
1932 1117 2078 1184 spatio
2102 1137 2198 1168 me-

188 1194 505 1270 tamorphosin
532 1200 767 1269 quandam
791 1200 968 1256 subire,
992 1200 1039 1248 in
1066 1198 1297 1265 aliamque
1321 1217 1506 1264 semper
1528 1198 1697 1247 mutari
1721 1199 1941 1258 formam,
1964 1219 2114 1267 usque
2140 1203 2198 1253 ad

187 1288 449 1354 perfectum
475 1285 681 1350 corporis
714 1284 783 1332 sui
818 1294 999 1332 statum.
1060 1288 1178 1331 Sunt
1213 1280 1445 1348 quaedam
1479 1281 1675 1348 species,
1705 1281 1915 1349 inprimis
1957 1303 2116 1340 ranae,
2153 1296 2198 1333 et

185 1370 257 1417 his
293 1368 479 1425 affines,
508 1369 634 1434 'quae
666 1361 813 1416 varias
846 1378 986 1433 atque
1011 1353 1281 1414 numerosas
1308 1364 1526 1414 exhibent
1549 1364 1742 1413 formas:
1775 1364 1888 1414 aliae
1913 1377 2068 1414 autem
2093 1367 2198 1415 sim-

186 1451 366 1518 pliciori
391 1449 598 1517 quodam
621 1448 764 1496 modo
790 1460 1040 1505 mutantur,
1067 1467 1270 1515 quorum
1295 1446 1353 1495 ad
1376 1465 1628 1496 numerum
1655 1444 1950 1496 salamandra
1973 1434 2196 1498 terrestris

187 1545 254 1582 est
287 1531 545 1581 referenda.
604 1530 831 1600 Cordylus
856 1530 1180 1581 salamandrae
1205 1543 1310 1579 terr.
1336 1529 1648 1578 recentissime
1672 1540 1807 1578 natus
1836 1530 1872 1591 ¹)
1898 1542 1943 1579 et
1965 1543 2078 1581 natu
2101 1552 2196 1582 ma·

184 1617 258 1680 jor
280 1615 710 1682 metamorphoseos
733 1614 855 1664 fini
841 1634 935 1680 jam
960 1615 1154 1682 propior
1178 1614 1231 1673 2),
1257 1615 1406 1681 figura
1432 1613 1677 1679 formaque
1701 1612 1823 1661 inter
1843 1631 1891 1662 se
1911 1615 2008 1663 fere
2027 1634 2195 1681 aequa-

183 1697 285 1746 les'
272 1719 350 1748 mv
354 1700 596 1755 eniuntur,
620 1697 706 1746 nisi
732 1716 811 1745 eos
835 1697 990 1747 colore
1017 1709 1061 1747 et
1084 1695 1402 1796 magnitudine
1428 1695 1634 1762 corporis
1659 1694 1955 1769 adauctisque
1980 1698 2193 1748 branchi-

186 1774 317 1830 arum
341 1781 611 1829 ramusculis
637 1780 880 1827 discernas.

626 1929 664 1971 1.
723 1935 1002 1972 SPIRACULA.
1032 1934 1254 1971 BRANCHI
1257 1933 1378 1970 ALIA
1402 1935 1757 1973 CORDYLORUM.

1123 2022 1161 2084 §-
1210 2027 1253 2069 2.

321 2111 508 2174 Organa
531 2104 776 2162 natatoria,
799 2101 1072 2159 branchiae,
1107 2114 1152 2151 et
1176 2102 1403 2170 spiracula
1427 2102 1707 2153 branchialia
1731 2105 1926 2154 maxima
1956 2117 2000 2154 et
2023 2107 2190 2175 gravis-

187 2192 299 2240 sima
322 2189 456 2238 nobis
481 2186 733 2237 ostendunt
755 2187 933 2235 formae
959 2197 1170 2235 externae
1196 2185 1471 2244 discrimina,
1498 2188 1667 2254 quibus
1694 2187 2036 2238 Salamandram
2062 2189 2189 2239 adul-

186 2286 279 2323 tam
304 2272 361 2322 ab
386 2271 486 2337 ejus
510 2269 699 2339 cordylo
725 2269 993 2337 dignoscere
1017 2289 1276 2337 possumus.
1312 2274 1385 2319 De
1410 2270 1647 2337 spiraculis
1671 2271 2011 2320 branchialibus
2035 2274 2186 2338 primo

188 2374 448 2404 sermonem
472 2355 626 2403 facere
650 2353 802 2409 liceat,
837 2373 985 2420 quum
1016 2353 1132 2402 haec
1156 2372 1327 2420 organa
1349 2372 1505 2421 neque
1530 2351 1913 2404 delineationibus
1937 2374 2092 2423 neque
2117 2376 2188 2407 ac-

188 2448 344 2487 curata
367 2436 673 2505 descriptione
697 2436 942 2503 hucusque
967 2447 1034 2484 sat
1057 2447 1167 2485 nota
1190 2437 1290 2484 sint.

323 2518 631 2588 Cordylorum
654 2531 808 2568 cutem
831 2520 879 2568 in
904 2519 1093 2586 regione
1119 2519 1220 2569 colli
1246 2519 1464 2569 inferiore
1489 2517 1710 2587 disjungit
1732 2521 1896 2572 fissura
1919 2532 2185 2583 transversa,

191 2601 437 2654 exordium
461 2621 600 2650 suum
624 2621 808 2651 sumens
834 2622 860 2652 a
883 2601 1111 2651 radicibus
1135 2603 1461 2653 branchiarum
1487 2603 1537 2664 ³).

299 2796 334 2846 1)
361 2795 489 2840 Funlc:
525 2795 572 2833 de
601 2793 864 2834 salamandrae
893 2795 1083 2836 terrestris
1111 2796 1208 2844 vita,
1254 2795 1491 2845 evolutione,
1523 2795 1765 2837 formatione.
1800 2798 1930 2838 Berol.
1961 2798 2075 2840 1827.
2112 2799 2181 2842 fol.

192 2859 286 2899 Tab.
311 2860 374 2898 111.
402 2860 433 2897 F
438 2860 488 2913 ig.
509 2860 574 2900 27.
599 2872 631 2898 a.

297 2933 335 2983 2)
365 2933 450 2986 rig.
479 2935 516 2972 2.

298 3008 333 3058 3)
366 3007 451 3062 fig.
484 3008 519 3046 1.
549 3015 586 3047 et
615 3008 651 3047 2.
683 3007 719 3056 ³¹²,
746 3007 830 3062 Εἰς.
864 3007 899 3047 3.
929 3020 961 3048 ει.
996 3007 1080 3062 Fig.
1110 3009 1171 3049 19.
1201 3008 1226 3049 ε.
