2401 3380
1022 221 1339 263 ..12-

191 360 311 409 sunt,
342 350 422 416 qui
455 366 612 413 earum
644 347 949 415 praesentiam
980 347 1170 395 omnino
1200 356 1384 413 negent,
1416 346 1489 395 alii
1524 358 1680 397 contra
1705 358 1952 413 utramque
1973 349 2177 405 tunicam

191 432 566 479 foetui2humano
586 432 810 487 tribuunt,
833 441 911 478 aut
934 429 1129 478 alteram
1141 432 1293 478 utram
1309 429 1357 476 in
1377 429 1515 478 ovulo
1533 430 1741 477 humano
1762 430 2176 489 essescontendunt.

188 516 366 563 Natura
389 518 500 561 vero
525 513 817 578 omnipotens
840 511 1096 561 accusanda
1116 530 1216 559 -non
1234 522 1315 569 est,
1338 530 1457 577 quae
1481 511 1798 577 gravissimum
1823 517 1866 559 et
1881 513 2077 561 maxime
2098 513 2181 561 ad·-

189 594 452 644 mirandum
476 613 613 642 suum
637 613 772 659 opus,
793 594 1066 642 evolationis
1091 593 1287 649 seminis,
1314 592 1457 640 oculis
1491 593 1655 640 nostris
1671 591 1937 658 longissime
1962 594 2179 652 removit3

190 695 416 725 summam
440 688 586 724 meret
608 676 812 742 gratiam,
835 674 963 741 quod
986 675 1065 723 illo
1089 675 1304 742 mysterio
1330 673 1529 731 condito,
1560 674 1744 740 ingenio
1768 673 1975 722 humano
1999 692 2186 742 semper·

189 757 362 824 aliquid
385 757 632 824 indagandi
657 769 702 805 et
726 756 994 823 speculandi
1018 758 1275 805 remaneat!

321 840 459 887 Ratio
486 840 759 888 evolutionis
785 838 1107 886 Salamandrae
1130 850 1236 886 terr.
1260 836 1422 886 iisdem
1447 836 1626 884 obtecta
1647 848 1719 885 'est
1747 837 1969 894 tenebris,
1999 837 2184 900 majori-

187 920 274 968 bus
299 919 451 968 adhue
475 938 617 984 quam
641 931 902 968 ceterorum
926 921 1295 987 amphibiorum,
1329 938 1444 985 quas
1475 919 1688 967 tenebras
1711 938 1794 966 me.
1811 919 2071 985 paullulum
2096 918 2188 966 dis-·

188 1002 379 1067 sipasse,
411 1019 507 1048 non
533 1000 733 1050 audeam
753 1002 985 1050 confiteri.-
1017 1020 1117 1049 rem
1139 1001 1281 1066 igitur
1299 1000 1441 1067 plane
1465 1000 1644 1048 silentio
1667 1001 1965 1057 transiissem,
1998 1001 2083 1050 nisi
2109 1020 2183 1048 me

186 1083 418 1130 facturum
451 1102 619 1148 operae
655 1084 858 1149 pretinm
894 1082 1188 1131 credidissem
1221 1081 1560 1138 ostendentem,
1596 1082 1765 1147 quibus
1798 1083 2044 1130 momentis
2067 1083 2182 1129 ratio

189 1163 460 1214 evolutionis
485 1164 806 1212 salamandrae
831 1165 1054 1212 terrestris
1079 1164 1135 1212 ab
1159 1163 1235 1211 illa
1259 1163 1454 1211 aliorum
1479 1163 1745 1211 animalium
1769 1183 1816 1211 se
1841 1164 2038 1224 differat,
2062 1175 2107 1212 et
2130 1183 2182 1212 ex

187 1246 357 1313 quibus
381 1246 529 1294 causis
552 1247 791 1295 obscurior
822 1245 1057 1294 reddatur.

1099 1328 1137 1389 ἓ.
1191 1335 1268 1377 10.

323 1414 624 1478 Quamquam
648 1410 943 1461 Salamandra
974 1412 1200 1459 terrestris
1222 1411 1335 1460 viva
1368 1415 1602 1475 nascatur:
1635 1410 1750 1458 ratio
1774 1421 1927 1457 tamen
1954 1409 2053 1473 ejus
2079 1428 2184 1459 evo-

186 1491 373 1539 lutionis
398 1511 499 1540 eam
523 1494 724 1541 Tritonis
749 1494 922 1559 ovipari
940 1494 1082 1560 magis
1107 1493 1367 1559 adaequare
1391 1492 1587 1548 videtur,
1610 1511 1750 1557 quam
1774 1492 1896 1539 illam
1922 1503 2181 1540 ceterorum

189 1572 532 1639 amphibiorum
566 1575 902 1640 viviparorum,
936 1576 1253 1643 Embryonem
1290 1575 1413 1622 enim
1449 1573 1774 1623 Salamandrae
1814 1575 2038 1622 terrestris
2073 1574 2112 1636 ¹)
2147 1574 2182 1621 si

188 1655 399 1703 conferas
433 1675 539 1704 cum
573 1655 651 1703 illo
676 1657 878 1704 Tritonis
904 1657 965 1718 ²),
999 1657 1161 1704 miram
1188 1656 1531 1705 similitudinem
1554 1657 1673 1704 inter
1695 1669 1941 1721 utramque
1965 1656 2181 1705 invenies.

189 1737 521 1785 Gravissimum
544 1756 655 1785 vero
681 1736 922 1785 discrimen
947 1739 1069 1786 inter
1091 1751 1338 1805 utramque
1363 1739 1563 1805 speciem
1587 1740 1635 1786 in
1661 1759 1716 1787 eo
1751 1751 1817 1787 est
1850 1737 2183 1805 quaerendum,

189 1818 314 1882 quod
340 1817 662 1867 Salamandrae
686 1818 821 1867 ovula
847 1819 1080 1868 albumine
1106 1832 1284 1876 carent,
1309 1833 1354 1865 et
1377 1821 1508 1868 Trito
1533 1822 1660 1885 prius
1686 1822 1810 1869 ovuli
1834 1822 2090 1870 velamenta
2115 1839 2184 1867 re-

186 1899 367 1964 linquit,
392 1911 436 1946 et
457 1900 505 1945 in
529 1898 750 1953 inferiori,
775 1915 916 1961 quam
941 1900 1259 1953 Salamandra,
1284 1900 1573 1946 formationis
1596 1898 1741 1963 gradu
1766 1900 1904 1948 vitam
1929 1919 2058 1949 suam
2083 1900 2182 1948 abs-

187 1999 279 2045 que
312 1980 407 2027 ullo
443 1978 609 2026 auxilio
643 1977 792 2025 alieno
826 1997 1083 2044 propagare
1118 1988 1297 2043 potest;
1338 1997 1480 2027 ovum
1514 1979 1838 2028 Salamandrae
1875 2000 1985 2029 vero
2017 1981 2180 2045 majori

188 2060 429 2109 abundans
450 2059 591 2108 vitelli
615 2059 748 2125 copia
774 2059 1042 2108 oviductum
1066 2060 1215 2107 intrat.

322 2143 534 2199 OccasiO,
554 2141 896 2190 Salamandram
919 2142 967 2188 in
992 2141 1153 2206 primis
1176 2141 1449 2190 evolationis
1474 2141 1626 2190 stadiis
1652 2142 1938 2200 observandi,
1961 2143 2075 2192 mihi
2101 2146 2181 2193 ob-

188 2223 276 2272 lata
300 2243 396 2271 non
421 2235 507 2278 est,
535 2242 677 2289 quare
701 2241 886 2270 narrare
910 2242 1006 2270 non
1031 2241 1235 2289 possum,
1258 2243 1399 2289 quem
1431 2225 1643 2272 ordinem
1669 2225 1969 2273 extremitates
1994 2246 2181 2292 proger-

191 2306 414 2353 minantes
440 2315 717 2370 sequuntur,
755 2324 807 2352 ex
831 2305 1028 2371 imagine
1054 2304 1282 2370 quodam,
1320 2325 1411 2370 qua
1434 2305 1721 2354 illustrissimi
1745 2306 1946 2354 Ratlzloe
1970 2316 2088 2371 opus
2114 2319 2181 2355 est

188 2398 344 2434 ornata
368 2387 420 2446 3)‚
443 2385 623 2436 elucere
647 2385 848 2444 videtur,
870 2386 1015 2453 pedes
1041 2386 1235 2443 anticos,
1260 2398 1313 2436 ut
1333 2387 1381 2435 in
1405 2388 1687 2445 TritonibUS,
1723 2388 1851 2454 prius
1877 2389 2181 2455 quamvposti-

197 2487 275 2517 cos
306 2467 445 2535 gigni.
1505 2517 1508 2521 A
1554 2481 1573 2502 ⁴·

1104 2550 1144 2611 ἓ,
1196 2556 1268 2598 11.

315 2634 480 2680 Mense
504 2633 785 2699 Septembris
808 2631 1053 2698 incipiente
1076 2631 1122 2680 in
1148 2632 1288 2681 uteris
1311 2631 1713 2683 Salamandrarum
1738 2645 1844 2682 terr.
1872 2634 2020 2684 foetus
2044 2631 2177 2683 valde

297 2821 332 2871 1)
363 2822 477 2871 Furat,
510 2822 535 2863 l.
569 2837 602 2862 e.
633 2823 729 2862 Tab.
762 2824 823 2862 III.
851 2822 938 2877 Fig.
971 2824 1035 2863 22.

297 2893 334 2945 2)
361 2897 544 2936 Ruscom‘:
571 2897 736 2936 Amours
771 2905 842 2937 etc.
874 2898 968 2937 Tab.
998 2900 1062 2937 111.
1092 2897 1178 2951 Fig.
1209 2899 1273 2939 30.
1302 2898 1349 2939 A.

245 3002 247 3004 .
296 2969 332 3018 3)
361 2971 509 3010 Ratmae
537 2971 582 3010 de
612 2971 935 3010 Salamandrarum
964 2972 1191 3024 corporibus
1220 2973 1384 3024 adiposis
1417 2974 1555 3014 ovat-iis
1586 2980 1624 3012 et
1663 2971 1924 3022 oviductibus,
1963 2984 2174 3025 eorumque

195 3029 415 3079 evolutione
447 3034 671 3074 dissertatio.
723 3035 854 3075 Berol.
886 3034 1002 3075 1818.
1037 3033 1119 3074 410.
1159 3036 1244 3089 Fig.
1273 3038 1338 3076 27.
