2401 3380
1048 227 1333 268 -3-

199 357 380 405 lerrime
405 351 704 419 pulmonibus
728 350 821 399 suis
855 369 1037 417 semper
1068 351 1330 408 utebantur,
1365 350 1690 402 b'rancliiarum
1722 353 1967 404 functione·
1986 355 2195 413 extincta,

198 441 271 494 ita,
306 449 356 485 ut
389 436 546 502 primis
579 434 743 482 diebus
774 434 941 481 mensis
967 434 1248 500 Septembris
1282 435 1376 499 jam
1408 435 1560 483 trunci
1595 435 1745 483 obtusi
1775 437 1931 486 locum
1955 438 2194 493 branchia·

199 541 303 569 rum
336 517 671 567 ramulosarum
706 516 968 563 obtinerent
1009 527 1056 564 et
1095 516 1343 582 pulmones
1384 516 1429 564 in
1465 518 1643 565 summa
1686 518 1804 566 vitae
1844 540 1952 569 suae
1988 521 2195 587 κίεὸεΐειιῐ

199 604 390 657 actione,
415 600 526 649 dum
554 618 716 647 eorum
741 599 863 655 socii,
896 598 943 646 in
969 600 1117 666 patrio
1142 602 1226 647 suo
1253 600 1380 647 sonte
1413 611 1632 658 natantes,
1665 599 1895 685 branchiis
1928 603 2018 651 suis
2043 603 2195 652 adhuc

199 696 349 734 essent
376 682 597 731 instructi.

331 771 486 830 Quam
520 763 885 813 observationem
923 762 959 810 si
992 762 1208 829 penitiori
1243 764 1557 811 submittimus
1592 764 1911 831 disquisitioni,
1952 766 2194 814 maximam

199 861 389 899 naturae
414 847 684 911 sapientiam
710 864 956 911 agnoscere
983 845 1203 911 cogimur,
1229 865 1320 911 qua
1346 856 1389 894 et
1414 846 1484 893 his
1510 847 1791 895 animalculis
1815 848 1930 895 vitae
1956 867 2064 896 suae
2089 867 2196 896 con-

181 928 446 985 servandae
471 927 706 976 stimulum
730 927 954 985 tribuerit,
987 927 1134 994 iisque
1159 928 1250 977 vim
1276 928 1518 987 inseverit,
1534 928 1690 977 multis
1713 930 1958 978 momentis
1982 930 2194 980 nociferis

196 1012 387 1081 proprio
411 1008 651 1059 resistendi
674 1013 837 1059 Marte.

678 1149 1247 1209 OBSERVATE)
1293 1150 1722 1211 SECUNDA.

394 1244 702 1310 Repentinus
726 1244 967 1291 transitus
991 1246 1184 1310 cordylc'
1201 1246 1439 1312 aquatiles
1463 1247 1514 1293 in
1539 1246 1738 1292 animal
1757 1253 1999 1293 terrestres

328 1344 531 1393 Diversis
555 1342 844 1409 temporibus
869 1343 1038 1390 mensis
1062 1343 1190 1391 Junii
1217 1355 1261 1392 et
1284 1344 1481 1410 Augusti
1505 1343 1662 1410 plures
1687 1342 1900 1411 cordylos
1919 1344 1993 1393 vix
2017 1361 2042 1390 e
2067 1316 2195 1420 fopte

194 1440 352 1495 captos
375 1429 420 1475 in
447 1439 615 1474 terram
640 1425 797 1491 posui:
824 1425 1006 1490 quibus,
1029 1436 1081 1473 ut
1105 1425 1394 1474 commodius
1420 1426 1584 1476 observ
1575 1446 1662 1475 are
1687 1444 1884 1494 possem,
1909 1422 2058 1491 quid
2044 1424 2098 1472 lis
2123 1443 2196 1473 ac-

196 1510 379 1564 cideret,
403 1509 449 1555 in
475 1507 624 1556 fundo
649 1507 764 1554 xasis
797 1507 927 1554 titrei
951 1508 1217 1556 humefacto
1250 1528 1411 1557 musco
1443 1510 1638 1565 munito,
1670 1527 1762 1557 nov
1765 1527 1839 1555 am
1871 1506 2104 1574 designavi
2128 1524 2196 1554 se-

196 1593 314 1642 dem.
381 1592 591 1640 Primum
618 1590 710 1636 huc
742 1599 786 1635 et
809 1589 918 1637 illuc
941 1590 1260 1656 inquietissimi
1286 1603 1633 1658 perreptarunt,
1666 1603 1711 1640 et
1738 1590 1843 1639 vloca
1874 1589 2195 1639 humidissima

195 1685 481 1741 quaerentes,
515 1672 562 1720 in
597 1690 717 1737 quae
752 1671 899 1736 capita
933 1691 1015 1720 sua
1048 1692 1154 1720 cum
1178 1673 1408 1722 branchiis
1433 1672 1835 1723 abscondiderunt.
1902 1676 2015 1724 Mox
2039 1682 2194 1721 autem

194 1757 449 1805 sentierunt
480 1754 721 1802 branchias
755 1773 858 1800 suas
890 1773 915 1801 a
951 1755 1189 1803 functione
1223 1755 1438 1805 desistere
1474 1769 1519 1805 et
1552 1757 1681 1807 brevi
1713 1768 1923 1824 tempore
1955 1765 2061 1824 post
2092 1753 2195 1821 pul-

192 1858 354 1887 mones
380 1856 542 1885 eorum
576 1836 668 1883 ae'ri
701 1835 960 1884 hauriendo
993 1855 1126 1902 pares
1152 1839 1365 1894 fuerunt3
1401 1839 1556 1901 gulam
1591 1841 1714 1887 enim
1749 1859 1932 1888 sursum
1957 1838 2196 1885 deorsum-

195 1940 287 1986 que
314 1938 391 1967 eos
415 1918 565 1965 levare
591 1914 810 1980 cognovi;
846 1914 1022 1979 quippe
1049 1914 1129 1979 qui
1154 1916 1288 1980 gulae
1314 1929 1466 1964 motus
1498 1918 1546 1964 in
1572 1917 1787 1965 omnibus
1811 1917 2063 1965 Batrachiis
2080 1915 2194 1965 *cau-

193 2003 308 2051 datis
333 2013 377 2049 et
400 1996 652 2047 incaudatis
678 1996 958 2051 observatur,
992 1996 1026 2042 si
1061 2015 1145 2061 per
1177 1996 1358 2064 longius
1393 2010 1576 2064 tempus
1601 2002 1752 2047 ae'rem
1778 1998 2049 2065 deglutiunt.
2118 1997 2192 2047 Ad

193 2087 315 2133 hanc
340 2081 687 2148 respirationem
712 2098 880 2126 novam
905 2077 1234 2127 sublevandam
1259 2081 1374 2128 cutis
1399 2080 1623 2146 spiracula
1649 2082 1861 2148 operiens
1885 2082 1944 2143 (ἓ.
1972 2082 2034 2141 2.)
2065 2079 2192 2129 haud

195 2186 361 2233 parum
395 2163 599 2212 contulit.
668 2162 923 2210 Branchiae
958 2173 1002 2208 et
1039 2162 1168 2209 crista
1205 2163 1426 2211 natatoria
1462 2163 1584 2211 dorsi
1617 2164 1884 2230 caudaeque
1916 2183 1964 2212 se
2007 2163 2191 2229 corpori

195 2248 495 2311 cordylorum
531 2245 871 2294 reclinaverunt.
943 2244 1113 2292 Tribus
1147 2243 1309 2292 diebus
1343 2246 1660 2313 praeterlapsis
1694 2247 1905 2314 regiones
1944 2245 2190 2313 spiraculo-

195 2350 311 2385 rum,
345 2329 547 2386 dorsum,
580 2327 833 2393 caudaque,
870 2327 1000 2374 crista
1032 2328 1253 2375 natatoria
1279 2327 1493 2376 reclinata
1519 2332 1711 2387 obtecta,
1741 2331 1936 2377 maxime
1966 2325 2190 2376 tumesce-

195 2413 318 2461 bant.
385 2411 641 2459 Branchiae
678 2423 810 2475 antea
843 2410 1063 2475 sanguine
1099 2422 1335 2477 turgentes
1367 2431 1494 2460 nunc
1515 2412 1609 2476 jam
1634 2431 1782 2477 usque
1807 2411 1863 2459 ad
1888 2423 1978 2459 tres
2003 2422 2189 2460 truncos

196 2505 490 2551 evanuerant,
524 2505 566 2541 et
602 2493 716 2540 cutis
749 2492 888 2540 totius
922 2493 1127 2557 corporis
1159 2494 1347 2560 nigriori
1379 2496 1601 2561 pertincta
1634 2506 1729 2542 erat
1753 2494 1918 2542 colore.
1985 2492 2188 2542 Animal-

196 2577 298 2626 cula
319 2577 417 2642 ipsa
442 2576 594 2632 tristia,
619 2575 773 2623 locum
799 2593 934 2622 suum
959 2575 1030 2621 vix
1055 2576 1313 2634 mutabant;
1347 2597 1494 2625 unum
1527 2597 1689 2626 eorum
1713 2577 1925 2625 manibus
1949 2574 2187 2643 prehendi,

196 2671 248 2709 ut
282 2659 447 2707 melius
476 2657 776 2723 intelligerem
813 2658 1220 2723 metamorphosin,
1261 2679 1400 2725 quam
1436 2660 1563 2725 regio
1605 2658 1937 2726 spiraculorum
1971 2675 2186 2724 perpessa

198 2743 337 2791 fuisse
362 2740 614 2796 videbatur,
639 2738 716 2787 sed
743 2758 1026 2805 quamquam
1053 2741 1308 2789 cautissime
1342 2762 1448 2790 eum
1473 2743 1731 2809 tetigissem,
1766 2754 1961 2790 attamen
1987 2739 2184 2786 animam

197 2825 354 2891 paucis
379 2823 621 2887 momentis
647 2834 750 2888 post
774 2823 1026 2888 exspiravit.
1094 2823 1362 2872 Mirandum
1388 2845 1480 2873 non
1507 2837 1585 2881 est,
1617 2826 1807 2876 minimo
1825 2833 1961 2878 ,tactu
1995 2821 2184 2889 cordylo

194 2909 332 2955 vitam
359 2925 455 2954 esse
490 2917 715 2971 ereptam:
751 2917 875 2971 patet
900 2906 1034 2963 enim,
1066 2907 1233 2954 animal
1269 2907 1517 2972 quoddam,
1550 2909 1596 2955 in
1630 2925 1724 2972 quo
1749 2905 2037 2970 gravissimae
2062 2924 2185 2953 com-

196 2989 472 3036 mutationes
506 3000 549 3036 et
581 2988 803 3035 maximae
841 2989 1208 3054 perturbationes
1242 2989 1373 3047 siunt,
1415 3009 1553 3055 quam
1588 2988 2077 3053 aegerrimeexternos
2102 2988 2184 3034 im-

197 3081 330 3134 petus
363 3070 455 3135 pati
489 3090 636 3136 posse,
670 3070 733 3118 sic
766 3090 902 3120 eruca
935 3082 1012 3119 aut
1047 3071 1278 3133 chrysalis‚
1315 3071 1372 3120 ad
1395 3070 1785 3136 metamorphosin
1813 3083 1980 3138 parata,
2011 3081 2184 3118 tactum

2101 3166 2183 3195 rm·
