2401 3380
1038 221 1351 264 ...1ο-

337 351 454 400 Cum
477 346 570 411 jam
593 346 641 394 in
665 344 843 395 aestatis
866 342 1021 394 medio
1055 343 1268 414 cordylos
1285 342 1350 393 ad
1372 344 1614 395 branchias
1638 344 1916 411 dejiciendas
1944 359 1989 396 et
2012 349 2191 415 optimo

205 450 312 482 cum
335 448 550 481 successu
574 428 632 479 ad
655 429 957 477 mutationem
979 428 1029 477 in
1052 427 1264 477 animalia
1291 429 1520 477 terrestria
1543 428 1804 495 coegissem,
1827 450 1902 478 me
1923 429 1980 478 ad
2002 431 2193 489 fontem,

204 513 399 581 patriam
423 529 587 560 eorum
611 510 797 567 contuli,
828 522 880 558 ut
912 510 1209 576 inquirerem,
1241 529 1337 577 quo
1371 511 1419 558 in
1453 522 1573 558 statu
1597 509 1776 574 cordyli
1805 514 1852 560 in
1885 513 1960 561 illa
1991 513 2197 562 viventes

204 615 252 645 se
275 594 512 643 haberent.
556 592 765 658 Septimo
791 590 971 641 decimo
997 592 1072 640 die
1097 593 1380 659 Septembris
1405 592 1578 661 cordyli
1602 611 1767 659 parum
1791 596 1952 642 mutati
1975 595 2023 643 in
2048 613 2198 661 aquae

203 675 354 729 fundo
385 674 698 732 versabantur,
729 693 989 741 eorumque
1020 674 1268 724 branchiae
1315 676 1471 725 adhuc
1503 674 1826 724 candidissime
1857 676 2197 742 turgescebant.

202 758 419 808 Plurium
443 756 740 826 cordylorum
771 755 1014 823 longitudo
1048 757 1270 824 pollicum
1303 756 1505 806 duorum
1541 770 1587 806 et
1614 758 1750 807 semis
1775 758 1937 814 fuerat,
1971 758 2099 806 color
2122 777 2200 806 cu-

203 851 367 890 taneus
392 840 769 905 appropinquare
794 838 851 887 ad
875 838 1005 886 illum
1031 839 1354 889 Salamandrae
1378 839 1559 890 adultae
1582 841 1819 906 inceperat
1840 840 1893 901 ¹).
1941 840 2199 890 Glandulae

205 921 463 987 occipitales
488 919 607 969 duae
631 919 830 984 majores
856 921 1140 987 apparebant
1163 923 1449 989 perspicuae.
1492 925 1731 975 Numerus
1756 922 2049 990 cordylorum
2072 921 2200 971 haud

202 1004 486 1052 imminutus.

328 1089 404 1134 vEx
438 1104 494 1133 eo
526 1094 738 1150 tempore
770 1102 921 1150 usque
955 1082 1012 1132 ad
1043 1084 1317 1151 vigesimum
1351 1097 1528 1136 sextum
1561 1085 1684 1136 diem
1716 1086 1887 1135 mensis
1920 1085 2199 1138 Novembris

202 1168 317 1217 mihi
350 1186 446 1215 non
480 1167 657 1214 occasio
692 1167 801 1223 fuit,
826 1167 1004 1214 fontem
1037 1166 1161 1214 illam
1195 1166 1420 1226 adeundi;
1467 1180 1513 1217 et
1548 1169 1669 1234 proh
1702 1168 1856 1217 dolor!
1902 1169 1981 1218 illo
2014 1168 2088 1217 die
2112 1187 2199 1216 nec

203 1250 351 1299 ullum
376 1249 423 1297 in
459 1248 588 1297 fonte
621 1247 861 1315 cordylum
894 1248 1071 1297 inveni:
1116 1267 1278 1297 omnes
1313 1269 1367 1298 ex
1403 1250 1549 1298 oculis
1585 1251 1872 1317 aufugerant.
1940 1249 2142 1313 Quando
2173 1269 2199 1297 e

203 1332 333 1380 fonte
358 1330 676 1386 discesserunt,
711 1342 919 1379 accurate
943 1329 1148 1379 indicare
1172 1349 1384 1398 nequeo:
1417 1332 1498 1380 sed
1521 1333 1568 1380 in
1593 1331 1750 1380 medio
1774 1333 1943 1381 mensis
1968 1332 2199 1389 Octobris,

202 1413 410 1480 cordylos
428 1413 528 1461 loca
552 1413 850 1461 subterranea
872 1414 1179 1480 investigasse,
1204 1425 1257 1462 ut
1280 1415 1356 1462 hic
1379 1434 1544 1462 somno
1568 1415 1778 1482 hyberno
1802 1414 1961 1462 habito
1985 1415 2198 1479 sequenti

200 1513 308 1542 vere
342 1513 368 1541 e
401 1494 598 1551 latebris,
630 1495 678 1541 in
711 1495 922 1543 animalia
954 1496 1184 1544 terrestria
1216 1498 1378 1544 mutati
1403 1496 1721 1563 procederent,
1744 1515 2016 1562 persuasum
2040 1496 2196 1544 habui.

203 1575 525 1626 salamandrae
557 1574 739 1623 adultae
772 1576 938 1625 eodem
971 1588 1196 1644 tempore,
1230 1597 1326 1644 quo
1362 1578 1573 1646 cordylos
1605 1598 1653 1627 se
1678 1577 1904 1627 abdidisse
1928 1577 2148 1644 suspicor,
2172 1596 2198 1624 e

202 1669 349 1706 terrae
374 1658 618 1723 superficie
642 1657 689 1704 in
714 1657 923 1705 intimam
946 1669 1117 1706 terram
1141 1659 1378 1708 recedunt.

330 1742 508 1788 Natura
533 1739 734 1802 cordylis
753 1739 1075 1788 Salamandrae
1094 1752 1200 1789 terr.
1225 1753 1400 1791 certum
1425 1754 1609 1810 tempus
1634 1743 1855 1809 (spatium
1874 1753 2051 1808 septem
2069 1760 2198 1790 men-

201 1820 378 1881 sium?)
397 1821 436 1880 2)
471 1821 774 1887 praescripsit,
799 1840 894 1886 quo
918 1821 1148 1870 branchiis
1172 1825 1461 1888 respirarent,
1494 1825 1574 1872 sed
1598 1845 1757 1874 revera
1781 1825 1980 1890 spatium
2002 1824 2198 1890 longiuS,

201 1920 341 1966 quam
364 1901 477 1948 illud
497 1920 520 1947 a
544 1903 641 1948 viro
664 1902 823 1946 illustr.
850 1903 1078 1945 flasconi
1095 1905 1142 1946 in
1167 1903 1371 1949 Tritonis
1396 1903 1591 1968 cordylis
1609 1905 1903 1951 observatum
1923 1905 1975 1963 ³).
2020 1907 2195 1952 Causae

199 1994 409 2030 externae
435 1981 622 2028 minime
647 1978 857 2046 cordylos
882 1998 929 2025 se
953 1997 1192 2029 removere
1218 1986 1474 2047 coegerant,
1507 1983 1612 2031 sons
1646 1984 1770 2031 enim
1794 2002 1977 2049 semper
1998 1982 2194 2050 limpido

197 2063 378 2129 liquore
403 2062 613 2120 scatebat,
645 2062 706 2109 ita
741 2072 793 2109 ut
825 2060 1071 2109 branchiae
1106 2062 1220 2110 nihil
1255 2062 1514 2113 desiderare
1547 2067 1822 2132 potuissent3
1870 2084 2025 2131 neque
2048 2066 2194 2132 frigus

198 2145 394 2193 nimium
426 2156 538 2192 tunc
582 2142 841 2197 advenerat,
884 2162 1040 2209 neque
1084 2143 1298 2192 alimenta
1341 2145 1637 2214 cordylorum
1678 2159 1978 2206 evanuerant,
2024 2147 2194 2215 quibus

199 2246 357 2275 mense
380 2225 659 2276 Novembris
684 2225 821 2273 etiam
845 2225 949 2273 sons
974 2225 1098 2292 large
1123 2227 1389 2276 abundabat
1414 2230 1464 2289 ¹¹).

311 2379 346 2428 1)
373 2377 418 2415 Fi
449 2409 457 2417 .
488 2377 525 2417 2.

308 2452 344 2502 2)
378 2392 549 2503 ὃρῖῐῑιιπι
581 2463 601 2489 a
635 2463 765 2489 mense
795 2449 937 2502 Aprilis
969 2465 1089 2504 usque
1117 2452 1164 2491 ad
1193 2453 1417 2495 Octobrem.
1479 2457 1522 2495 In
1549 2470 1680 2496 mense
1707 2455 1849 2508 Aprilis
1879 2462 1916 2495 et
1946 2454 2036 2506 Maji
2064 2454 2191 2508 plures

203 2515 460 2554 Salamandras
495 2521 618 2565 captas
646 2528 780 2565 parere
809 2515 901 2554 vidi.

309 2589 345 2639 3)
380 2589 467 2637 „Le
497 2601 627 2641 germe
657 2589 702 2626 de
737 2588 771 2626 la
800 2588 1059 2636 Salamandre,
1097 2591 1162 2640 qui
1194 2591 1296 2629 avoit
1332 2592 1394 2630 ete
1431 2592 1563 2644 pondu
1606 2591 1640 2630 le
1677 2594 1728 2631 23
1756 2593 1850 2631 avril
1886 2607 1975 2632 sous
2005 2593 2038 2631 la
2067 2593 2189 2630 forme

202 2653 290 2690 d'un
319 2653 417 2703 petit
444 2651 613 2704 globule,
643 2651 785 2689 n’avoit
814 2651 898 2702 plus
937 2651 971 2689 le
1004 2653 1052 2691 27
1083 2653 1207 2702 juillet
1233 2652 1270 2692 la
1301 2655 1475 2693 moindre
1506 2663 1607 2693 trace
1640 2656 1679 2693 ni
1706 2657 1770 2695 des
1803 2657 2021 2703 branchies,
2046 2655 2094 2692 ni
2123 2655 2187 2693 des

202 2716 321 2755 sentes
352 2715 598 2753 branchialcS.
606 2713 627 2729 ⁷'
683 2714 849 2752 Amours
882 2715 928 2752 de
962 2715 1224 2754 Salamandres
1256 2719 1491 2768 aquatiques.
1523 2733 1558 2769 p.
1589 2718 1653 2757 51.

307 2789 345 2840 s)
375 2789 617 2827 Gammarum
635 2787 797 2839 pulicem
827 2790 1481 2846 (Rb‘sel’slnsektenbelustigungen
1516 2793 1604 2831 Vol.
1623 2795 1683 2832 lll.
1708 2793 1802 2831 Tab.
1819 2793 1906 2843 62.)
1935 2790 2034 2830 haud
2060 2807 2184 2830 rarum

202 2853 240 2891 in
272 2853 439 2890 fontibus
470 2865 590 2904 prope
619 2851 828 2905 Gottingae
857 2852 923 2890 illo
950 2860 1123 2904 tempore
1150 2853 1271 2891 adhuc
1305 2854 1452 2904 inveni,
1483 2870 1559 2906 quo
1584 2856 1724 2908 cordyli
1757 2855 1965 2893 esurientes
1995 2870 2034 2894 se
2064 2856 2186 2894 liben-

201 2917 344 2955 tissime
373 2915 571 2954 delectant.
626 2914 712 2953 Tali
747 2915 862 2952 modo
900 2915 955 2953 illi
988 2917 1130 2969 cordyli
1162 2925 1200 2955 et
1234 2917 1435 2966 Tritones,
1475 2919 1513 2957 in
1550 2932 1712 2971 quorum
1748 2918 1934 2955 intestinis
1970 2919 2186 2972 saepissime

206 2993 359 3018 cancros
391 2980 483 3017 istos
518 2978 659 3025 inveni,
687 2979 781 3016 tanti
810 2979 937 3017 hostes
970 2993 1103 3018 eorum
1142 2993 1223 3019 esse
1251 2981 1440 3030 videntur,
1472 2991 1630 3034 quantus
1664 2979 1820 3019 Axolotl
1852 2989 1908 3019 est
1936 2981 2007 3020 illis
2041 2984 2184 3022 cancris

208 3042 249 3080 in
280 3042 432 3080 lacubus
461 3041 660 3081 Mexicanis
697 3041 853 3093 (Cuvier
880 3042 921 3080 in
948 3044 1172 3082 Humboldt:
1201 3044 1461 3084 observationis
1494 3045 1538 3082 de
1566 3042 1770 3095 Zoologie.
1798 3058 1884 3098 pag.
1916 3045 2037 3098 116.)
